DateTime,Price,Volume,Type,Side,MidPrice,MicroPrice,Spread
2021-04-15T02:06:49.537,1000,87,LO,-1,missing,missing,missing
2021-04-15T02:07:21.291,1001,180,OC,-1,missing,missing,missing
2021-04-15T02:07:22.717,1000,27,LO,-1,missing,missing,missing
2021-04-15T02:07:23.807,999,46,LO,-1,missing,missing,missing
2021-04-15T02:07:23.982,1000,27,OC,-1,missing,missing,missing
2021-04-15T02:07:29.938,1000,27,MO,1,missing,missing,missing
2021-04-15T02:07:29.938,1001,77,LO,-1,missing,missing,missing
2021-04-15T02:07:29.939,1001,77,MO,1,missing,missing,missing
2021-04-15T02:07:29.939,missing,missing,LO,-1,missing,missing,missing
2021-04-15T02:07:30.385,1004,28,LO,-1,missing,missing,missing
2021-04-15T02:07:32.485,998,86,LO,1,1001.0,999.4736842105264,6.0
2021-04-15T02:07:33.743,missing,missing,OC,-1,missing,missing,missing
2021-04-15T02:07:34.426,999,21,LO,1,missing,missing,missing
2021-04-15T02:07:34.773,1000,35,LO,-1,999.5,999.625,1.0
2021-04-15T02:07:35.522,1000,28,MO,1,missing,missing,missing
2021-04-15T02:07:35.522,1000,7,LO,-1,1000.0,1000.0,0.0
2021-04-15T02:07:35.533,998,86,OC,1,999.0,998.1505376344086,2.0
2021-04-15T02:07:36.002,999,85,LO,1,999.5,999.0760869565217,1.0
2021-04-15T02:07:37.958,1000,7,MO,1,missing,missing,missing
2021-04-15T02:07:37.958,1001,246,LO,-1,1000.5,1000.8754448398577,1.0
2021-04-15T02:07:37.958,1000,28,CLO,1,1000.5,1000.8978102189781,1.0
2021-04-15T02:07:40.044,1000,28,MO,-1,missing,missing,missing
2021-04-15T02:07:40.044,999,252,LO,1,999.5,999.125,1.0
2021-04-15T02:07:40.044,1000,8,CLO,-1,999.5,999.0307692307692,1.0
2021-04-15T02:07:42.907,1001,246,OC,-1,1000.0,999.9879518072289,2.0
2021-04-15T02:07:45.424,1000,241,LO,-1,999.5,999.4888438133875,1.0
2021-04-15T02:07:46.291,999,85,MO,-1,missing,missing,missing
2021-04-15T02:07:46.291,999,167,LO,1,999.0,999.0,0.0
2021-04-15T02:07:46.291,999,15,MO,-1,missing,missing,missing
2021-04-15T02:07:46.291,999,152,LO,1,999.0,999.0,0.0
2021-04-15T02:07:46.551,1001,25,OC,-1,1000.0,999.2824858757062,2.0
2021-04-15T02:07:47.356,999,13,MO,-1,missing,missing,missing
2021-04-15T02:07:47.356,999,139,LO,1,1000.0,999.3048780487804,2.0
2021-04-15T02:07:47.356,999,139,MO,-1,missing,missing,missing
2021-04-15T02:07:47.356,998,283,LO,1,999.5,998.2435064935065,3.0
2021-04-15T02:07:47.356,998,13,MO,-1,missing,missing,missing
2021-04-15T02:07:47.356,998,270,LO,1,999.5,998.2542372881356,3.0
2021-04-15T02:07:47.424,1000,40,LO,-1,999.0,998.258064516129,2.0
2021-04-15T02:07:48.476,1000,40,MO,1,missing,missing,missing
2021-04-15T02:07:48.476,1002,130,LO,-1,1000.0,999.3,4.0
2021-04-15T02:07:48.476,1002,32,MO,1,missing,missing,missing
2021-04-15T02:07:48.476,1002,98,LO,-1,1000.0,999.0652173913044,4.0
2021-04-15T02:07:50.495,missing,missing,OC,-1,missing,missing,missing
2021-04-15T02:07:51.523,998,73,MO,-1,missing,missing,missing
2021-04-15T02:07:51.523,998,197,LO,1,missing,missing,missing
2021-04-15T02:07:51.523,998,7,MO,-1,missing,missing,missing
2021-04-15T02:07:51.523,998,190,LO,1,missing,missing,missing
2021-04-15T02:07:54.485,1005,45,LO,-1,1001.5,999.3404255319149,7.0
2021-04-15T02:07:58.02,1004,36,LO,-1,1001.0,998.9557522123894,6.0
2021-04-15T02:07:58.047,1003,63,LO,-1,1000.5,999.2450592885375,5.0
2021-04-15T02:07:58.144,999,82,LO,1,1001.0,1000.7379310344828,4.0
2021-04-15T02:08:00.154,1000,38,LO,1,1001.5,1001.8712871287129,3.0
2021-04-15T02:08:00.761,1000,38,MO,-1,missing,missing,missing
2021-04-15T02:08:00.761,999,82,LO,1,1001.0,1000.7379310344828,4.0
2021-04-15T02:08:00.761,999,82,MO,-1,missing,missing,missing
2021-04-15T02:08:00.761,998,190,LO,1,1000.5,999.2450592885375,5.0
2021-04-15T02:08:00.761,998,110,MO,-1,missing,missing,missing
2021-04-15T02:08:00.761,998,80,LO,1,1000.5,1000.2027972027972,5.0
2021-04-15T02:08:02.012,998,66,OC,1,1000.5,1000.4418604651163,5.0
2021-04-15T02:08:06.053,1003,50,MO,1,missing,missing,missing
2021-04-15T02:08:06.053,1003,13,LO,-1,1000.5,998.8227848101266,5.0
2021-04-15T02:08:07.062,999,416,LO,1,1001.0,999.1212121212121,4.0
2021-04-15T02:08:07.066,1004,36,OC,-1,1001.5,999.3982300884956,5.0
2021-04-15T02:08:07.165,998,66,OC,1,1001.0,1000.1176470588235,6.0
2021-04-15T02:08:08.398,1003,135,LO,-1,1000.5,1001.3582089552239,5.0
2021-04-15T02:08:09.388,1002,41,LO,-1,1000.0,999.5327102803739,4.0
2021-04-15T02:08:12.663,1001,73,LO,-1,999.5,999.5755395683453,3.0
2021-04-15T02:08:14.842,1000,20,LO,-1,999.0,998.4651162790698,2.0
2021-04-15T02:08:27.222,999,48,LO,-1,998.5,998.421052631579,1.0
2021-04-15T02:08:29.282,999,21,MO,1,missing,missing,missing
2021-04-15T02:08:29.282,999,27,LO,-1,999.0,999.0,0.0
2021-04-15T02:08:49.751,999,27,MO,1,missing,missing,missing
2021-04-15T02:08:49.751,1001,471,LO,-1,1000.0,1000.8727634194831,2.0
2021-04-15T02:08:49.751,999,5,CLO,1,1000.0,1000.9789915966387,2.0
2021-04-15T02:09:00.824,998,66,OC,1,999.5,1000.6312849162011,3.0
2021-04-15T02:09:03.011,999,31,LO,1,1000.0,1000.8764940239043,2.0
2021-04-15T02:09:07.702,998,285,OC,1,999.5,999.8690476190476,3.0
2021-04-15T02:09:08.576,1001,168,OC,-1,999.5,999.1125827814569,3.0
2021-04-15T02:09:08.584,1000,30,LO,-1,999.0,998.1904761904761,2.0
2021-04-15T02:09:10.49,999,23,LO,1,999.5,999.566037735849,1.0
2021-04-15T02:09:11.656,999,23,MO,-1,missing,missing,missing
2021-04-15T02:09:11.656,998,285,LO,1,999.0,998.1904761904761,2.0
2021-04-15T02:09:11.656,998,95,MO,-1,missing,missing,missing
2021-04-15T02:09:11.656,998,190,LO,1,999.0,998.2727272727273,2.0
2021-04-15T02:09:13.252,999,32,LO,1,999.5,999.483870967742,1.0
2021-04-15T02:09:18.548,1000,30,MO,1,missing,missing,missing
2021-04-15T02:09:18.548,1001,434,LO,-1,1000.5,1000.9117647058823,1.0
2021-04-15T02:09:18.548,1000,12,CLO,1,1000.5,1000.9730941704036,1.0
2021-04-15T02:09:18.694,1000,12,MO,-1,missing,missing,missing
2021-04-15T02:09:18.694,999,32,LO,1,1000.0,1000.862660944206,2.0
2021-04-15T02:09:18.694,999,32,MO,-1,missing,missing,missing
2021-04-15T02:09:18.694,998,190,LO,1,999.5,1000.0865384615385,3.0
2021-04-15T02:09:18.694,998,32,MO,-1,missing,missing,missing
2021-04-15T02:09:18.694,998,158,LO,1,999.5,1000.1993243243244,3.0
2021-04-15T02:09:19.65,999,156,LO,1,1000.0,1000.4711864406779,2.0
2021-04-15T02:09:21.031,1001,73,MO,1,missing,missing,missing
2021-04-15T02:09:21.031,1001,361,LO,-1,1000.0,1000.3965183752417,2.0
2021-04-15T02:09:21.031,1001,22,MO,1,missing,missing,missing
2021-04-15T02:09:21.031,1001,339,LO,-1,1000.0,1000.369696969697,2.0
2021-04-15T02:09:21.031,1001,11,MO,1,missing,missing,missing
2021-04-15T02:09:21.031,1001,328,LO,-1,1000.0,1000.3553719008264,2.0
2021-04-15T02:09:21.669,1000,21,LO,1,1000.5,1000.9398280802292,1.0
2021-04-15T02:09:32.338,1001,21,MO,1,missing,missing,missing
2021-04-15T02:09:32.338,1001,307,LO,-1,1001.0,1001.0,0.0
2021-04-15T02:09:35.516,1001,266,OC,-1,1000.5,1000.9268292682926,1.0
2021-04-15T02:09:35.573,1001,22,MO,1,missing,missing,missing
2021-04-15T02:09:35.573,1001,244,LO,-1,1001.0,1001.0,0.0
2021-04-15T02:09:37.151,1000,21,MO,-1,missing,missing,missing
2021-04-15T02:09:37.151,999,198,LO,1,999.5,999.4590163934427,1.0
2021-04-15T02:09:37.151,1000,147,CLO,-1,999.5,999.4260869565218,1.0
2021-04-15T02:09:40.01,999,31,MO,-1,missing,missing,missing
2021-04-15T02:09:40.01,999,167,LO,1,999.0,999.0,0.0
2021-04-15T02:09:57.018,999,125,MO,-1,missing,missing,missing
2021-04-15T02:09:57.018,999,42,LO,1,999.0,999.0,0.0
2021-04-15T02:09:57.018,999,42,MO,-1,missing,missing,missing
2021-04-15T02:09:57.018,998,158,LO,1,998.5,998.3992395437263,1.0
2021-04-15T02:09:57.018,999,63,CLO,-1,998.5,998.2850678733032,1.0
2021-04-15T02:10:16.078,999,63,MO,1,missing,missing,missing
2021-04-15T02:10:16.078,1000,147,LO,-1,999.5,999.392,1.0
2021-04-15T02:10:16.078,999,165,CLO,1,999.5,999.4711538461538,1.0
2021-04-15T02:10:17.101,1000,62,MO,1,missing,missing,missing
2021-04-15T02:10:17.101,1000,85,LO,-1,999.5,999.34,1.0
2021-04-15T02:10:23.031,998,180,OC,1,999.0,998.6415094339623,2.0
2021-04-15T02:10:23.545,999,29,LO,1,999.5,999.7456140350877,1.0
2021-04-15T02:10:24.072,999,29,MO,-1,missing,missing,missing
2021-04-15T02:10:24.072,998,180,LO,1,998.5,998.2274678111588,1.0
2021-04-15T02:10:24.072,999,24,CLO,-1,998.5,998.1176470588235,1.0
2021-04-15T02:10:25.073,999,24,MO,1,missing,missing,missing
2021-04-15T02:10:25.073,1000,85,LO,-1,999.5,999.3571428571429,1.0
2021-04-15T02:10:25.073,999,129,CLO,1,999.5,999.3971962616822,1.0
2021-04-15T02:10:25.509,1001,315,OC,-1,1000.0,1000.418918918919,2.0
2021-04-15T02:10:31.531,998,180,OC,1,999.5,999.9090909090909,3.0
2021-04-15T02:10:33.788,1000,34,LO,-1,999.0,998.3177570093458,2.0
2021-04-15T02:10:33.874,998,158,OC,1,999.0,998.3541666666666,2.0
2021-04-15T02:10:33.961,999,61,LO,-1,998.5,998.2785388127854,1.0
2021-04-15T02:10:35.289,998,43,MO,-1,missing,missing,missing
2021-04-15T02:10:35.289,998,115,LO,1,998.0,998.0,0.0
2021-04-15T02:10:36.398,998,115,MO,-1,missing,missing,missing
2021-04-15T02:10:36.398,missing,missing,LO,1,missing,missing,missing
2021-04-15T02:10:37.009,990,44,LO,1,994.5,995.2285714285714,9.0
2021-04-15T02:10:37.499,998,21,LO,-1,994.0,992.5846153846154,8.0
2021-04-15T02:10:39.459,1000,34,OC,-1,995.0,994.3589743589744,10.0
2021-04-15T02:10:44.295,990,44,MO,-1,missing,missing,missing
2021-04-15T02:10:44.295,989,43,LO,1,994.5,993.8571428571429,11.0
2021-04-15T02:10:44.295,989,9,MO,-1,missing,missing,missing
2021-04-15T02:10:44.295,989,34,LO,1,994.5,994.5,11.0
2021-04-15T02:10:46.943,missing,missing,OC,1,missing,missing,missing
2021-04-15T02:10:47.191,1000,34,MO,1,missing,missing,missing
2021-04-15T02:10:47.191,1001,332,LO,-1,missing,missing,missing
2021-04-15T02:10:47.191,1001,3,MO,1,missing,missing,missing
2021-04-15T02:10:47.191,1001,329,LO,-1,missing,missing,missing
2021-04-15T02:10:47.191,1001,131,MO,1,missing,missing,missing
2021-04-15T02:10:47.191,1001,198,LO,-1,missing,missing,missing
2021-04-15T02:10:49.678,996,37,LO,1,998.5,1000.2127659574468,5.0
2021-04-15T02:10:55.456,1000,65,LO,-1,998.0,998.5490196078431,4.0
2021-04-15T02:10:55.525,999,26,LO,-1,997.5,997.2380952380952,3.0
2021-04-15T02:11:01.339,996,37,MO,-1,missing,missing,missing
2021-04-15T02:11:01.339,995,80,LO,1,997.0,995.9811320754717,4.0
2021-04-15T02:11:01.339,995,32,MO,-1,missing,missing,missing
2021-04-15T02:11:01.339,995,48,LO,1,997.0,996.4054054054054,4.0
2021-04-15T02:11:02.336,missing,missing,OC,1,missing,missing,missing
2021-04-15T02:11:05.086,994,31,LO,1,996.5,996.280701754386,5.0
2021-04-15T02:11:09.892,994,31,MO,-1,missing,missing,missing
2021-04-15T02:11:09.892,missing,missing,LO,1,missing,missing,missing
2021-04-15T02:11:11.164,992,275,LO,1,995.5,992.6046511627907,7.0
2021-04-15T02:11:19.73,993,1105,LO,1,996.0,993.1379310344828,6.0
2021-04-15T02:11:19.917,999,26,MO,1,missing,missing,missing
2021-04-15T02:11:19.917,1000,87,LO,-1,996.5,993.5109060402684,7.0
2021-04-15T02:11:19.917,1000,65,MO,1,missing,missing,missing
2021-04-15T02:11:19.917,1000,22,LO,-1,996.5,993.1366459627329,7.0
2021-04-15T02:11:19.917,1000,22,MO,1,missing,missing,missing
2021-04-15T02:11:19.917,1001,198,LO,-1,997.0,994.2156561780506,8.0
2021-04-15T02:11:19.917,1001,35,MO,1,missing,missing,missing
2021-04-15T02:11:19.917,1001,163,LO,-1,997.0,994.0283911671925,8.0
2021-04-15T02:11:21.119,1000,93,LO,-1,996.5,993.5434056761269,7.0
2021-04-15T02:11:31.423,999,23,LO,-1,996.0,993.1223404255319,6.0
2021-04-15T02:11:32.415,993,359,MO,-1,missing,missing,missing
2021-04-15T02:11:32.415,993,746,LO,1,996.0,993.1794538361509,6.0
2021-04-15T02:11:34.592,994,23,LO,1,996.5,996.5,5.0
2021-04-15T02:11:41.032,995,84,LO,1,997.0,995.8598130841121,4.0
2021-04-15T02:11:52.918,996,20,LO,1,997.5,997.6046511627907,3.0
2021-04-15T02:11:52.95,1000,1022,OC,-1,998.0,999.9232245681382,4.0
2021-04-15T02:11:56.375,995,84,OC,1,997.5,999.620253164557,5.0
2021-04-15T02:12:18.551,999,30,LO,-1,997.0,996.0526315789474,4.0
2021-04-15T02:12:18.884,996,85,LO,1,997.5,996.7826086956521,3.0
2021-04-15T02:12:52.877,998,46,LO,-1,997.0,996.7022900763359,2.0
2021-04-15T02:12:53.429,999,30,OC,-1,997.5,996.7826086956521,3.0
2021-04-15T02:12:54.723,997,20,LO,1,998.0,998.2,2.0
2021-04-15T02:12:55.004,998,150,LO,-1,997.5,997.8823529411765,1.0
2021-04-15T02:12:55.789,999,30,OC,-1,998.0,998.2,2.0
2021-04-15T02:12:56.112,998,123,LO,1,998.5,998.1960784313726,1.0
2021-04-15T02:12:56.442,997,20,OC,1,998.0,998.2,2.0
2021-04-15T02:12:56.803,999,30,MO,1,missing,missing,missing
2021-04-15T02:12:56.803,1000,929,LO,-1,998.5,999.9367755532139,3.0
2021-04-15T02:12:56.803,1000,29,MO,1,missing,missing,missing
2021-04-15T02:12:56.803,1000,900,LO,-1,998.5,999.9347826086956,3.0
2021-04-15T02:12:57.028,998,44,LO,1,999.0,999.9067796610169,2.0
2021-04-15T02:12:57.413,999,54,LO,-1,998.5,998.5510204081633,1.0
2021-04-15T02:12:58.107,999,54,MO,1,missing,missing,missing
2021-04-15T02:12:58.107,1000,900,LO,-1,999.0,999.9067796610169,2.0
2021-04-15T02:12:58.107,1000,333,MO,1,missing,missing,missing
2021-04-15T02:12:58.107,1000,567,LO,-1,999.0,999.8559738134206,2.0
2021-04-15T02:13:02.584,1000,213,MO,1,missing,missing,missing
2021-04-15T02:13:02.584,1000,354,LO,-1,999.0,999.7788944723618,2.0
2021-04-15T02:13:06.721,998,44,MO,-1,missing,missing,missing
2021-04-15T02:13:06.721,997,102,LO,1,998.5,999.328947368421,3.0
2021-04-15T02:13:06.721,997,20,MO,-1,missing,missing,missing
2021-04-15T02:13:06.721,997,82,LO,1,998.5,999.4357798165138,3.0
2021-04-15T02:13:06.721,997,36,MO,-1,missing,missing,missing
2021-04-15T02:13:06.721,997,46,LO,1,998.5,999.655,3.0
2021-04-15T02:13:06.765,999,54,LO,-1,998.0,998.08,2.0
2021-04-15T02:13:09.78,997,46,MO,-1,missing,missing,missing
2021-04-15T02:13:09.78,995,84,LO,1,997.0,996.5652173913044,4.0
2021-04-15T02:13:09.78,995,10,MO,-1,missing,missing,missing
2021-04-15T02:13:09.78,995,74,LO,1,997.0,996.6875,4.0
2021-04-15T02:13:10.714,1000,354,OC,-1,997.5,999.1355140186915,5.0
2021-04-15T02:13:12.296,994,214,OC,1,997.0,997.7394366197183,6.0
2021-04-15T02:13:12.862,1001,108,OC,-1,997.5,996.3478260869565,7.0
2021-04-15T02:13:14.901,994,27,MO,-1,missing,missing,missing
2021-04-15T02:13:14.901,994,187,LO,1,997.5,996.5627118644068,7.0
2021-04-15T02:13:14.901,994,38,MO,-1,missing,missing,missing
2021-04-15T02:13:14.901,994,149,LO,1,997.5,996.9416342412451,7.0
2021-04-15T02:13:15.7,995,30,LO,1,998.0,999.695652173913,6.0
2021-04-15T02:13:18.857,1001,36,MO,1,missing,missing,missing
2021-04-15T02:13:18.857,1001,72,LO,-1,998.0,999.2352941176471,6.0
2021-04-15T02:13:18.857,1001,72,MO,1,missing,missing,missing
2021-04-15T02:13:18.857,1002,77,LO,-1,998.5,1000.0373831775701,7.0
2021-04-15T02:13:18.857,1002,32,MO,1,missing,missing,missing
2021-04-15T02:13:18.857,1002,45,LO,-1,998.5,999.2,7.0
2021-04-15T02:13:18.857,1002,24,MO,1,missing,missing,missing
2021-04-15T02:13:18.857,1002,21,LO,-1,998.5,997.8823529411765,7.0
2021-04-15T02:13:18.857,1002,11,MO,1,missing,missing,missing
2021-04-15T02:13:18.857,1002,10,LO,-1,998.5,996.75,7.0
2021-04-15T02:13:24.785,996,23,LO,1,999.0,997.8181818181819,6.0
2021-04-15T02:13:29.629,997,165,LO,1,999.5,997.2857142857143,5.0
2021-04-15T02:13:29.932,1001,53,LO,-1,999.0,997.9724770642201,4.0
2021-04-15T02:13:30.148,996,23,OC,1,998.5,999.4868421052631,5.0
2021-04-15T02:13:39.371,1002,33,OC,-1,999.0,999.5357142857143,6.0
2021-04-15T02:13:39.665,1001,1954,LO,-1,998.5,1000.9418310571573,5.0
2021-04-15T02:13:41.455,1002,33,OC,-1,999.0,999.5357142857143,6.0
2021-04-15T02:13:45.274,997,96,LO,1,999.5,998.2790697674419,5.0
2021-04-15T02:13:45.413,1001,32,LO,-1,999.0,998.0,4.0
2021-04-15T02:13:45.965,998,85,LO,1,999.5,998.8205128205128,3.0
2021-04-15T02:13:49.11,999,51,LO,1,1000.0,999.7710843373494,2.0
2021-04-15T02:13:49.552,1000,34,LO,1,1000.5,1000.4848484848485,1.0
2021-04-15T02:13:50.3,1001,32,MO,1,missing,missing,missing
2021-04-15T02:13:50.3,1002,55,LO,-1,1001.5,1001.5612244897959,1.0
2021-04-15T02:13:50.3,1001,11,CLO,1,1001.5,1001.8333333333334,1.0
2021-04-15T02:13:52.337,1002,27,MO,1,missing,missing,missing
2021-04-15T02:13:52.337,1002,28,LO,-1,1002.0,1002.0,0.0
2021-04-15T02:13:52.659,1001,11,MO,-1,missing,missing,missing
2021-04-15T02:13:52.659,1000,34,LO,1,1000.5,1000.46875,1.0
2021-04-15T02:13:52.659,1001,19,CLO,-1,1000.5,1000.3584905660377,1.0
2021-04-15T02:13:53.475,1001,19,MO,1,missing,missing,missing
2021-04-15T02:13:53.475,1002,28,LO,-1,1001.0,1000.9032258064516,2.0
2021-04-15T02:13:53.475,1002,6,MO,1,missing,missing,missing
2021-04-15T02:13:53.475,1002,22,LO,-1,1001.0,1000.7857142857143,2.0
2021-04-15T02:13:53.475,1002,22,MO,1,missing,missing,missing
2021-04-15T02:13:53.475,missing,missing,LO,-1,missing,missing,missing
2021-04-15T02:13:54.314,1008,28,LO,-1,1004.0,1003.6129032258065,8.0
2021-04-15T02:14:08.167,1000,34,MO,-1,missing,missing,missing
2021-04-15T02:14:08.167,999,119,LO,1,1003.5,1000.7142857142857,9.0
2021-04-15T02:14:08.167,999,36,MO,-1,missing,missing,missing
2021-04-15T02:14:08.167,999,83,LO,1,1003.5,1001.2702702702703,9.0
2021-04-15T02:14:09.653,1007,47,LO,-1,1003.0,1001.8923076923077,8.0
2021-04-15T02:14:12.182,1006,33,LO,-1,1002.5,1000.9913793103449,7.0
2021-04-15T02:14:13.226,1005,118,LO,-1,1002.0,1002.5223880597015,6.0
2021-04-15T02:14:13.73,1004,135,LO,-1,1001.5,1002.0963302752293,5.0
2021-04-15T02:14:15.01,1000,57,LO,1,1002.0,1002.8125,4.0
2021-04-15T02:14:15.064,999,83,OC,1,1001.5,1002.0963302752293,5.0
2021-04-15T02:14:16.238,999,15,MO,-1,missing,missing,missing
2021-04-15T02:14:16.238,999,68,LO,1,1001.5,1002.3251231527094,5.0
2021-04-15T02:14:16.238,999,68,MO,-1,missing,missing,missing
2021-04-15T02:14:16.238,998,107,LO,1,1001.0,1001.3471074380166,6.0
2021-04-15T02:14:16.238,998,85,MO,-1,missing,missing,missing
2021-04-15T02:14:16.238,998,22,LO,1,1001.0,1003.1592356687898,6.0
2021-04-15T02:14:16.238,998,22,MO,-1,missing,missing,missing
2021-04-15T02:14:16.238,997,96,LO,1,1000.5,1001.0909090909091,7.0
2021-04-15T02:14:16.238,997,9,MO,-1,missing,missing,missing
2021-04-15T02:14:16.238,997,87,LO,1,1000.5,1001.2567567567568,7.0
2021-04-15T02:14:16.665,998,31,LO,1,1001.0,1002.8795180722891,6.0
2021-04-15T02:14:18.714,1003,58,LO,-1,1000.5,1001.2584269662922,5.0
2021-04-15T02:14:19.146,999,27,LO,1,1001.0,1001.7294117647059,4.0
2021-04-15T02:14:19.504,1002,75,LO,-1,1000.5,1001.2058823529412,3.0
2021-04-15T02:14:20.595,1003,58,OC,-1,1001.0,1001.7294117647059,4.0
2021-04-15T02:14:21.09,998,31,OC,1,1000.5,1001.2584269662922,5.0
2021-04-15T02:14:28.465,1003,51,MO,1,missing,missing,missing
2021-04-15T02:14:28.465,1003,7,LO,-1,1000.5,998.921052631579,5.0
2021-04-15T02:14:37.02,998,31,MO,-1,missing,missing,missing
2021-04-15T02:14:37.02,997,130,LO,1,1000.0,997.3065693430657,6.0
2021-04-15T02:14:37.02,997,87,MO,-1,missing,missing,missing
2021-04-15T02:14:37.02,997,43,LO,1,1000.0,997.84,6.0
2021-04-15T02:14:37.02,997,9,MO,-1,missing,missing,missing
2021-04-15T02:14:37.02,997,34,LO,1,1000.0,998.0243902439024,6.0
2021-04-15T02:14:46.205,1002,173,LO,-1,999.5,1001.1787439613527,5.0
2021-04-15T02:14:47.964,1002,71,MO,1,missing,missing,missing
2021-04-15T02:14:47.964,1002,102,LO,-1,999.5,1000.75,5.0
2021-04-15T02:14:57.136,998,83,LO,1,1000.0,1000.2054054054054,4.0
2021-04-15T02:14:58.979,1001,52,LO,-1,999.5,999.1555555555556,3.0
2021-04-15T02:14:59.686,1000,484,LO,-1,999.0,999.7072310405644,2.0
2021-04-15T02:15:00.374,999,60,LO,1,999.5,999.8897058823529,1.0
2021-04-15T02:15:03.431,1001,52,OC,-1,1000.0,999.9285714285714,2.0
2021-04-15T02:15:03.765,1000,57,LO,1,1000.5,1000.4770642201835,1.0
2021-04-15T02:15:17.132,1000,25,MO,-1,missing,missing,missing
2021-04-15T02:15:17.132,1000,32,LO,1,1000.0,1000.0,0.0
2021-04-15T02:15:18.333,1001,28,MO,1,missing,missing,missing
2021-04-15T02:15:18.333,1001,24,LO,-1,1001.0,1001.0,0.0
2021-04-15T02:15:27.24,1001,24,MO,1,missing,missing,missing
2021-04-15T02:15:27.24,1002,688,LO,-1,1001.0,1001.9111111111112,2.0
2021-04-15T02:15:27.24,1002,102,MO,1,missing,missing,missing
2021-04-15T02:15:27.24,1002,586,LO,-1,1001.0,1001.8964401294498,2.0
2021-04-15T02:15:27.24,1002,26,MO,1,missing,missing,missing
2021-04-15T02:15:27.24,1002,560,LO,-1,1001.0,1001.8918918918919,2.0
2021-04-15T02:15:29.233,1003,51,OC,-1,1001.5,1001.843373493976,3.0
2021-04-15T02:15:30.556,1002,85,LO,-1,1001.0,1001.4529914529915,2.0
2021-04-15T02:15:35.188,1001,28,LO,1,1001.5,1001.7522123893805,1.0
2021-04-15T02:15:35.516,1001,28,MO,-1,missing,missing,missing
2021-04-15T02:15:35.516,1000,32,LO,1,1001.0,1001.4529914529915,2.0
2021-04-15T02:15:35.516,1000,32,MO,-1,missing,missing,missing
2021-04-15T02:15:35.516,999,60,LO,1,1000.5,1000.7586206896551,3.0
2021-04-15T02:15:38.054,1000,49,LO,1,1001.0,1001.2686567164179,2.0
2021-04-15T02:15:41.547,1003,166,OC,-1,1001.5,1002.3162790697675,3.0
2021-04-15T02:15:44.933,1001,23,LO,1,1002.0,1002.7566137566138,2.0
2021-04-15T02:15:46.573,1003,7,MO,1,missing,missing,missing
2021-04-15T02:15:46.573,1003,159,LO,-1,1002.0,1002.7472527472528,2.0
2021-04-15T02:15:46.573,1003,44,MO,1,missing,missing,missing
2021-04-15T02:15:46.573,1003,115,LO,-1,1002.0,1002.6666666666666,2.0
2021-04-15T02:15:46.573,1003,2,MO,1,missing,missing,missing
2021-04-15T02:15:46.573,1003,113,LO,-1,1002.0,1002.6617647058823,2.0
2021-04-15T02:15:46.728,1002,25,LO,-1,1001.5,1001.5208333333334,1.0
2021-04-15T02:15:49.858,1003,155,OC,-1,1002.0,1002.7415730337078,2.0
2021-04-15T02:15:54.532,1000,49,OC,1,1001.5,1002.2794117647059,3.0
2021-04-15T02:15:56.214,1001,22,LO,1,1002.0,1002.7514124293785,2.0
2021-04-15T02:15:58.814,1003,124,OC,-1,1002.0,1002.6986301369863,2.0
2021-04-15T02:16:01.448,1000,69,OC,1,1001.5,1001.9274611398964,3.0
2021-04-15T02:16:03.187,1003,82,MO,1,missing,missing,missing
2021-04-15T02:16:03.187,1003,42,LO,-1,1001.5,1001.1351351351351,3.0
2021-04-15T02:16:03.187,1003,42,MO,1,missing,missing,missing
2021-04-15T02:16:03.187,1004,464,LO,-1,1002.0,1003.4821763602251,4.0
2021-04-15T02:16:03.187,1004,48,MO,1,missing,missing,missing
2021-04-15T02:16:03.187,1004,416,LO,-1,1002.0,1003.4309278350515,4.0
2021-04-15T02:16:03.187,1004,2,MO,1,missing,missing,missing
2021-04-15T02:16:03.187,1004,414,LO,-1,1002.0,1003.4285714285714,4.0
2021-04-15T02:16:09.663,1004,361,OC,-1,1002.0,1003.3581395348838,4.0
2021-04-15T02:16:11.968,1001,46,LO,1,1002.5,1003.6609336609337,3.0
2021-04-15T02:16:12.405,1003,27,LO,-1,1002.0,1001.7397260273973,2.0
2021-04-15T02:16:12.749,1000,69,OC,1,1001.5,1000.84375,3.0
2021-04-15T02:16:15.261,1000,49,OC,1,1001.5,1001.0657894736842,3.0
2021-04-15T02:16:18.219,1001,34,LO,1,1002.0,1001.8852459016393,2.0
2021-04-15T02:16:20.742,1001,34,MO,-1,missing,missing,missing
2021-04-15T02:16:20.742,1000,49,LO,1,1001.5,1001.0657894736842,3.0
2021-04-15T02:16:20.742,1000,34,MO,-1,missing,missing,missing
2021-04-15T02:16:20.742,1000,15,LO,1,1001.5,1001.9285714285714,3.0
2021-04-15T02:16:23.479,1001,84,LO,1,1002.0,1001.4864864864865,2.0
2021-04-15T02:16:24.03,1001,84,MO,-1,missing,missing,missing
2021-04-15T02:16:24.03,1000,15,LO,1,1001.5,1001.9285714285714,3.0
2021-04-15T02:16:24.03,1000,15,MO,-1,missing,missing,missing
2021-04-15T02:16:24.03,999,45,LO,1,1001.0,1000.5,4.0
2021-04-15T02:16:24.03,999,15,MO,-1,missing,missing,missing
2021-04-15T02:16:24.03,999,30,LO,1,1001.0,1000.8947368421053,4.0
2021-04-15T02:16:27.092,998,95,OC,1,1000.5,999.1065573770492,5.0
2021-04-15T02:16:28.719,999,38,LO,1,1001.0,1000.6615384615385,4.0
2021-04-15T02:16:30.679,1003,27,MO,1,missing,missing,missing
2021-04-15T02:16:30.679,1004,1843,LO,-1,1001.5,1003.89898989899,5.0
2021-04-15T02:16:30.679,1004,54,MO,1,missing,missing,missing
2021-04-15T02:16:30.679,1004,1789,LO,-1,1001.5,1003.896004378763,5.0
2021-04-15T02:16:31.018,1000,53,LO,1,1002.0,1003.8849077090119,4.0
2021-04-15T02:16:31.582,1004,1764,OC,-1,1002.0,1003.8833241607044,4.0
2021-04-15T02:16:32.697,1003,1061,LO,-1,1001.5,1002.8572710951526,3.0
2021-04-15T02:16:35.05,1001,26,LO,1,1002.0,1002.9521619135235,2.0
2021-04-15T02:16:35.568,1002,111,LO,1,1002.5,1002.9052901023891,1.0
2021-04-15T02:16:35.944,1003,94,MO,1,missing,missing,missing
2021-04-15T02:16:35.944,1003,967,LO,-1,1002.5,1002.8970315398886,1.0
2021-04-15T02:16:36.016,1003,40,MO,1,missing,missing,missing
2021-04-15T02:16:36.016,1003,927,LO,-1,1003.0,1003.0,0.0
2021-04-15T02:16:36.078,1002,37,MO,-1,missing,missing,missing
2021-04-15T02:16:36.078,1002,74,LO,1,1002.0,1002.0,0.0
2021-04-15T02:16:38.02,1003,22,MO,1,missing,missing,missing
2021-04-15T02:16:38.02,1003,905,LO,-1,1003.0,1003.0,0.0
2021-04-15T02:16:38.712,1002,74,MO,-1,missing,missing,missing
2021-04-15T02:16:38.712,1001,21,LO,1,1001.5,1001.9895833333334,1.0
2021-04-15T02:16:38.712,1002,1921,CLO,-1,1001.5,1001.9891864057672,1.0
2021-04-15T02:16:38.886,1002,26,MO,1,missing,missing,missing
2021-04-15T02:16:38.886,1002,1895,LO,-1,1002.0,1002.0,0.0
2021-04-15T02:16:40.79,1002,81,MO,1,missing,missing,missing
2021-04-15T02:16:40.79,1002,1814,LO,-1,1001.5,1001.9885558583106,1.0
2021-04-15T02:16:41.916,1001,21,MO,-1,missing,missing,missing
2021-04-15T02:16:41.916,1000,53,LO,1,1000.5,1000.3837209302326,1.0
2021-04-15T02:16:41.916,1001,12,CLO,-1,1000.5,1000.1846153846154,1.0
2021-04-15T02:16:42.554,1002,1814,OC,-1,1001.0,1001.9432244242099,2.0
2021-04-15T02:16:42.702,1002,158,MO,1,missing,missing,missing
2021-04-15T02:16:42.702,1002,1656,LO,-1,1001.0,1001.9379754242246,2.0
2021-04-15T02:16:43.156,1001,48,LO,1,1001.5,1001.9718309859155,1.0
2021-04-15T02:16:43.318,1003,13538,OC,-1,1002.0,1002.9929339025467,2.0
2021-04-15T02:16:43.746,1001,48,MO,-1,missing,missing,missing
2021-04-15T02:16:43.746,999,38,LO,1,1001.0,1002.9888037713612,4.0
2021-04-15T02:16:43.746,999,38,MO,-1,missing,missing,missing
2021-04-15T02:16:43.746,missing,missing,LO,1,missing,missing,missing
2021-04-15T02:16:44.241,998,26,LO,1,1000.5,1002.9904158065467,5.0
2021-04-15T02:16:45.421,1003,34,MO,1,missing,missing,missing
2021-04-15T02:16:45.421,1003,13504,LO,-1,1000.5,1002.990391722099,5.0
2021-04-15T02:16:45.421,1003,20,MO,1,missing,missing,missing
2021-04-15T02:16:45.421,1003,13484,LO,-1,1000.5,1002.9903774981495,5.0
2021-04-15T02:16:46.22,999,22,LO,1,1001.0,1002.9934843773137,4.0
2021-04-15T02:16:46.222,1000,33,LO,1,1001.5,1002.9926758896205,3.0
2021-04-15T02:16:48.869,1001,1878,LO,1,1002.0,1002.7555005858612,2.0
2021-04-15T02:16:48.956,1003,25,OC,-1,1002.0,1001.0262743037309,2.0
2021-04-15T02:16:49.216,1004,1517,OC,-1,1002.5,1002.3405007363771,3.0
2021-04-15T02:16:49.463,1000,33,OC,1,1002.0,1003.9148387096774,4.0
2021-04-15T02:16:50.543,1001,294,LO,1,1002.5,1003.512976256212,3.0
2021-04-15T02:16:52.179,1000,33,OC,1,1002.0,1003.9148387096774,4.0
2021-04-15T02:16:52.272,1004,1450,OC,-1,1002.0,1003.9109912339852,4.0
2021-04-15T02:16:55.778,1004,60,OC,-1,1002.0,1002.5806451612904,4.0
2021-04-15T02:16:56.259,1001,22,LO,1,1002.5,1003.1951219512196,3.0
2021-04-15T02:16:57.091,1003,45,LO,-1,1002.0,1002.3432835820895,2.0
2021-04-15T02:16:58.85,1002,49,LO,-1,1001.5,1001.6901408450705,1.0
2021-04-15T02:16:58.852,1001,22,MO,-1,missing,missing,missing
2021-04-15T02:16:58.852,1000,168,LO,1,1000.5,1000.1844660194175,1.0
2021-04-15T02:16:58.852,1001,16,CLO,-1,1000.5,1000.0869565217391,1.0
2021-04-15T02:17:03.616,1000,33,MO,-1,missing,missing,missing
2021-04-15T02:17:03.616,1000,135,LO,1,1000.0,1000.0,0.0
2021-04-15T02:17:03.616,1000,14,MO,-1,missing,missing,missing
2021-04-15T02:17:03.616,1000,121,LO,1,1000.0,1000.0,0.0
2021-04-15T02:17:07.307,999,53,OC,1,1000.0,999.463768115942,2.0
2021-04-15T02:17:08.4,1002,69,OC,-1,1000.5,1000.6967213114754,3.0
2021-04-15T02:17:16.606,1002,49,OC,-1,1000.5,1000.4411764705883,3.0
2021-04-15T02:17:16.907,1000,25,LO,1,1001.0,1001.3243243243244,2.0
2021-04-15T02:17:17.95,999,88,OC,1,1000.5,1000.07299270073,3.0
2021-04-15T02:17:18.406,1003,275,OC,-1,1001.0,1002.030303030303,4.0
2021-04-15T02:17:18.854,999,22,MO,-1,missing,missing,missing
2021-04-15T02:17:18.854,999,66,LO,1,1001.0,1002.2258064516129,4.0
2021-04-15T02:17:18.854,999,31,MO,-1,missing,missing,missing
2021-04-15T02:17:18.854,999,35,LO,1,1001.0,1002.5483870967741,4.0
2021-04-15T02:17:18.854,999,24,MO,-1,missing,missing,missing
2021-04-15T02:17:18.854,999,11,LO,1,1001.0,1002.8461538461538,4.0
2021-04-15T02:17:21.536,1002,23,LO,-1,1000.5,1001.0294117647059,3.0
2021-04-15T02:17:23.636,1000,29,LO,1,1001.0,1000.8846153846154,2.0
2021-04-15T02:17:24.969,1001,23,LO,1,1001.5,1001.5,1.0
2021-04-15T02:17:25.774,1002,23,MO,1,missing,missing,missing
2021-04-15T02:17:25.774,1003,275,LO,-1,1002.5,1002.8870967741935,1.0
2021-04-15T02:17:25.774,1002,12,CLO,1,1002.5,1002.9581881533101,1.0
2021-04-15T02:17:33.752,1001,23,OC,1,1002.0,1002.8456375838927,2.0
2021-04-15T02:17:34.665,1000,29,OC,1,1001.5,1002.7138157894736,3.0
2021-04-15T02:17:36.345,1000,29,MO,-1,missing,missing,missing
2021-04-15T02:17:36.345,999,11,LO,1,1001.0,1002.8461538461538,4.0
2021-04-15T02:17:36.345,999,11,MO,-1,missing,missing,missing
2021-04-15T02:17:36.345,998,24,LO,1,1000.5,1002.5986622073578,5.0
2021-04-15T02:17:36.345,998,15,MO,-1,missing,missing,missing
2021-04-15T02:17:36.345,998,9,LO,1,1000.5,1002.8415492957746,5.0
2021-04-15T02:17:36.817,1003,66,MO,1,missing,missing,missing
2021-04-15T02:17:36.817,1003,209,LO,-1,1000.5,1002.7935779816514,5.0
2021-04-15T02:17:37.037,1003,102,OC,-1,1000.5,1002.5945945945946,5.0
2021-04-15T02:17:40.789,999,41,LO,1,1001.0,1001.8531468531469,4.0
2021-04-15T02:17:44.49,1002,179,LO,-1,1000.5,1001.4409090909091,3.0
2021-04-15T02:17:44.822,1000,44,LO,1,1001.0,1001.6053811659193,2.0
2021-04-15T02:18:04.328,1001,1121,LO,-1,1000.5,1000.9622317596567,1.0
2021-04-15T02:18:05.305,1002,179,OC,-1,1001.0,1001.6053811659193,2.0
2021-04-15T02:18:09.358,1000,44,MO,-1,missing,missing,missing
2021-04-15T02:18:09.358,999,41,LO,1,1000.5,1001.4409090909091,3.0
2021-04-15T02:18:09.358,999,41,MO,-1,missing,missing,missing
2021-04-15T02:18:09.358,998,41,LO,1,1000.0,1001.2545454545455,4.0
2021-04-15T02:18:09.358,998,9,MO,-1,missing,missing,missing
2021-04-15T02:18:09.358,998,32,LO,1,1000.0,1001.3933649289099,4.0
2021-04-15T02:18:09.358,998,8,MO,-1,missing,missing,missing
2021-04-15T02:18:09.358,998,24,LO,1,1000.0,1001.5270935960591,4.0
2021-04-15T02:18:09.577,997,29,OC,1,999.5,1001.3028846153846,5.0
2021-04-15T02:18:11.972,997,29,MO,-1,missing,missing,missing
2021-04-15T02:18:11.972,missing,missing,LO,1,missing,missing,missing
2021-04-15T02:18:16.224,997,21,LO,1,999.5,1001.475,5.0
2021-04-15T02:18:17.599,998,21,LO,1,1000.0,1001.58,4.0
2021-04-15T02:18:20.842,1003,108,OC,-1,1000.5,1002.1860465116279,5.0
2021-04-15T02:18:23.059,1002,75,LO,-1,1000.0,1001.125,4.0
2021-04-15T02:18:26.065,999,26,LO,1,1000.5,1001.2277227722773,3.0
2021-04-15T02:18:27.271,999,26,MO,-1,missing,missing,missing
2021-04-15T02:18:27.271,998,21,LO,1,1000.0,1001.125,4.0
2021-04-15T02:18:27.271,998,21,MO,-1,missing,missing,missing
2021-04-15T02:18:27.271,997,59,LO,1,999.5,999.7985074626865,5.0
2021-04-15T02:18:27.271,997,21,MO,-1,missing,missing,missing
2021-04-15T02:18:27.271,997,38,LO,1,999.5,1000.3185840707964,5.0
2021-04-15T02:18:27.271,997,14,MO,-1,missing,missing,missing
2021-04-15T02:18:27.271,997,24,LO,1,999.5,1000.7878787878788,5.0
2021-04-15T02:18:28.723,1001,52,LO,-1,999.0,999.7368421052631,4.0
2021-04-15T02:18:30.139,1002,75,OC,-1,999.5,1000.7878787878788,5.0
2021-04-15T02:18:33.088,998,101,LO,1,1000.0,999.7045454545455,4.0
2021-04-15T02:18:34.846,1002,75,MO,1,missing,missing,missing
2021-04-15T02:18:34.846,1003,45,LO,-1,1000.5,999.5410958904109,5.0
2021-04-15T02:18:34.847,1003,45,MO,1,missing,missing,missing
2021-04-15T02:18:34.847,1004,121,LO,-1,1001.0,1001.2702702702703,6.0
2021-04-15T02:18:34.847,1004,121,MO,1,missing,missing,missing
2021-04-15T02:18:34.847,missing,missing,LO,-1,missing,missing,missing
2021-04-15T02:18:38.471,1008,66,LO,-1,1003.0,1001.9520958083832,10.0
2021-04-15T02:18:40.422,missing,missing,OC,1,missing,missing,missing
2021-04-15T02:18:42.046,1001,55,LO,1,1004.5,1004.8181818181819,7.0
2021-04-15T02:18:42.711,1007,22,LO,-1,1004.0,1002.7142857142857,6.0
2021-04-15T02:18:45.739,1008,66,OC,-1,1004.5,1004.8181818181819,7.0
2021-04-15T02:18:50.306,1007,29,LO,-1,1004.0,1003.0714285714286,6.0
2021-04-15T02:18:50.364,1006,41,LO,-1,1003.5,1003.1354166666666,5.0
2021-04-15T02:18:51.513,1006,41,MO,1,missing,missing,missing
2021-04-15T02:18:51.513,1007,29,LO,-1,1004.0,1003.0714285714286,6.0
2021-04-15T02:18:51.513,1007,10,MO,1,missing,missing,missing
2021-04-15T02:18:51.513,1007,19,LO,-1,1004.0,1002.5405405405405,6.0
2021-04-15T02:18:52.76,1002,59,LO,1,1004.5,1003.2179487179487,5.0
2021-04-15T02:18:55.55,1003,36,LO,1,1005.0,1004.3818181818182,4.0
2021-04-15T02:19:02.969,1007,19,MO,1,missing,missing,missing
2021-04-15T02:19:02.969,1009,4101,LO,-1,1006.0,1008.9477882523568,6.0
2021-04-15T02:19:02.969,1009,488,MO,1,missing,missing,missing
2021-04-15T02:19:02.969,1009,3613,LO,-1,1006.0,1008.9408057001918,6.0
2021-04-15T02:19:27.461,1009,55,MO,1,missing,missing,missing
2021-04-15T02:19:27.461,1009,3558,LO,-1,1006.0,1008.939899833055,6.0
2021-04-15T02:19:35.095,1009,126,OC,-1,1006.0,1007.6666666666666,6.0
2021-04-15T02:19:36.837,1008,470,LO,-1,1005.5,1007.6442687747035,5.0
2021-04-15T02:19:36.865,1003,36,MO,-1,missing,missing,missing
2021-04-15T02:19:36.865,1002,97,LO,1,1005.0,1006.973544973545,6.0
2021-04-15T02:19:36.865,1002,59,MO,-1,missing,missing,missing
2021-04-15T02:19:36.865,1002,38,LO,1,1005.0,1007.5511811023622,6.0
2021-04-15T02:19:36.865,1002,38,MO,-1,missing,missing,missing
2021-04-15T02:19:36.865,1001,55,LO,1,1004.5,1007.2666666666667,7.0
2021-04-15T02:19:36.865,1001,26,MO,-1,missing,missing,missing
2021-04-15T02:19:36.865,1001,29,LO,1,1004.5,1007.5931863727454,7.0
2021-04-15T02:19:36.942,1007,86,LO,-1,1004.0,1005.4869565217391,6.0
2021-04-15T02:19:42.273,1008,470,OC,-1,1004.5,1007.5931863727454,7.0
2021-04-15T02:19:42.458,1000,39,OC,1,1004.0,1007.3870333988212,8.0
2021-04-15T02:19:44.666,1000,39,MO,-1,missing,missing,missing
2021-04-15T02:19:44.666,999,34,LO,1,1003.5,1007.3928571428571,9.0
2021-04-15T02:19:44.666,999,34,MO,-1,missing,missing,missing
2021-04-15T02:19:44.666,missing,missing,LO,1,missing,missing,missing
2021-04-15T02:19:49.705,1002,43,LO,1,1005.0,1007.4970760233919,6.0
2021-04-15T02:19:50.032,1009,126,OC,-1,1005.5,1007.2189349112426,7.0
2021-04-15T02:19:56.542,1003,299,LO,1,1006.0,1004.7788235294117,6.0
2021-04-15T02:19:56.835,1004,91,LO,1,1006.5,1006.9032258064516,5.0
2021-04-15T02:19:57.566,1005,39,LO,1,1007.0,1008.0545454545454,4.0
2021-04-15T02:19:58.069,1008,44,LO,-1,1006.5,1006.5903614457832,3.0
2021-04-15T02:19:58.137,1008,44,MO,1,missing,missing,missing
2021-04-15T02:19:58.137,1009,126,LO,-1,1007.0,1008.0545454545454,4.0
2021-04-15T02:19:58.137,1009,32,MO,1,missing,missing,missing
2021-04-15T02:19:58.137,1009,94,LO,-1,1007.0,1007.827067669173,4.0
2021-04-15T02:19:58.493,1004,132,OC,1,1006.5,1006.0796460176991,5.0
2021-04-15T02:19:58.875,1004,91,MO,-1,missing,missing,missing
2021-04-15T02:19:58.875,1004,41,LO,1,1006.5,1007.4814814814815,5.0
2021-04-15T02:19:58.875,1004,41,MO,-1,missing,missing,missing
2021-04-15T02:19:58.875,1003,299,LO,1,1006.0,1004.4351145038167,6.0
2021-04-15T02:19:58.875,1003,299,MO,-1,missing,missing,missing
2021-04-15T02:19:58.875,1002,43,LO,1,1005.5,1006.8029197080292,7.0
2021-04-15T02:19:58.875,1002,10,MO,-1,missing,missing,missing
2021-04-15T02:19:58.875,1002,33,LO,1,1005.5,1007.1811023622047,7.0
2021-04-15T02:19:59.127,1008,26,LO,-1,1005.0,1004.6440677966102,6.0
2021-04-15T02:19:59.613,1001,84,OC,1,1004.5,1002.6545454545454,7.0
2021-04-15T02:20:00.576,1007,23,LO,-1,1004.0,1002.2897196261682,6.0
2021-04-15T02:20:03.25,1008,26,OC,-1,1004.5,1002.6545454545454,7.0
2021-04-15T02:20:03.669,1001,66,MO,-1,missing,missing,missing
2021-04-15T02:20:03.669,1001,18,LO,1,1004.5,1005.1363636363636,7.0
2021-04-15T02:20:03.992,1000,194,OC,1,1004.0,1000.9454545454546,8.0
2021-04-15T02:20:04.483,1001,206,LO,1,1004.5,1001.7844827586207,7.0
2021-04-15T02:20:04.566,1000,194,OC,1,1004.0,1000.9454545454546,8.0
2021-04-15T02:20:04.901,1009,123,OC,-1,1004.5,1003.4921135646688,9.0
2021-04-15T02:20:06.879,1000,25,OC,1,1004.5,1007.4797297297297,9.0
2021-04-15T02:20:07.185,1000,25,MO,-1,missing,missing,missing
2021-04-15T02:20:07.185,999,100,LO,1,1004.0,1004.5156950672646,10.0
2021-04-15T02:20:07.185,999,100,MO,-1,missing,missing,missing
2021-04-15T02:20:07.185,missing,missing,LO,1,missing,missing,missing
2021-04-15T02:20:08.199,1009,72,MO,1,missing,missing,missing
2021-04-15T02:20:08.199,1009,51,LO,-1,missing,missing,missing
2021-04-15T02:20:10.793,1008,24,LO,-1,missing,missing,missing
2021-04-15T02:20:13.179,1009,22,OC,-1,missing,missing,missing
2021-04-15T02:20:14.53,1002,22,LO,1,1005.5,1005.5,7.0
2021-04-15T02:20:15.185,1002,22,MO,-1,missing,missing,missing
2021-04-15T02:20:15.185,missing,missing,LO,1,missing,missing,missing
2021-04-15T02:20:18.094,1008,24,LO,-1,missing,missing,missing
2021-04-15T02:20:18.422,1002,27,LO,1,1005.0,1004.8235294117648,6.0
2021-04-15T02:20:18.575,1003,31,LO,1,1005.5,1005.1818181818181,5.0
2021-04-15T02:20:18.586,1004,42,LO,1,1006.0,1005.4545454545455,4.0
2021-04-15T02:20:21.704,1009,50,OC,-1,1006.5,1006.7173913043479,5.0
2021-04-15T02:20:22.852,1009,22,MO,1,missing,missing,missing
2021-04-15T02:20:22.852,1009,28,LO,-1,1006.5,1006.0,5.0
2021-04-15T02:20:22.852,1009,28,MO,1,missing,missing,missing
2021-04-15T02:20:22.852,1010,55,LO,-1,1007.0,1007.4020618556701,6.0
2021-04-15T02:20:22.852,1010,32,MO,1,missing,missing,missing
2021-04-15T02:20:22.852,1010,23,LO,-1,1007.0,1006.123076923077,6.0
2021-04-15T02:20:22.852,1010,23,MO,1,missing,missing,missing
2021-04-15T02:20:22.852,missing,missing,LO,-1,missing,missing,missing
2021-04-15T02:20:23.637,1004,42,MO,-1,missing,missing,missing
2021-04-15T02:20:23.637,1003,80,LO,1,missing,missing,missing
2021-04-15T02:20:23.637,1003,31,MO,-1,missing,missing,missing
2021-04-15T02:20:23.637,1003,49,LO,1,missing,missing,missing
2021-04-15T02:20:23.637,1003,49,MO,-1,missing,missing,missing
2021-04-15T02:20:23.637,missing,missing,LO,1,missing,missing,missing
2021-04-15T02:20:25.02,1002,56,LO,1,missing,missing,missing
2021-04-15T02:20:26.169,1003,47,LO,-1,1002.5,1002.4563106796116,1.0
2021-04-15T02:20:27.183,1002,51,MO,-1,missing,missing,missing
2021-04-15T02:20:27.183,1002,5,LO,1,1002.0,1002.0,0.0
2021-04-15T02:20:28.383,1002,5,MO,-1,missing,missing,missing
2021-04-15T02:20:28.383,1001,48,LO,1,1002.0,1001.9894736842106,2.0
2021-04-15T02:20:28.383,1001,48,MO,-1,missing,missing,missing
2021-04-15T02:20:28.383,missing,missing,LO,1,missing,missing,missing
2021-04-15T02:20:29.583,1002,35,LO,-1,missing,missing,missing
2021-04-15T02:20:30.329,1002,35,MO,1,missing,missing,missing
2021-04-15T02:20:30.329,1003,47,LO,-1,missing,missing,missing
2021-04-15T02:20:30.329,1003,29,MO,1,missing,missing,missing
2021-04-15T02:20:30.329,1003,18,LO,-1,missing,missing,missing
2021-04-15T02:20:30.6,1001,25,LO,1,1002.0,1001.8372093023256,2.0
2021-04-15T02:20:30.991,missing,missing,OC,-1,missing,missing,missing
2021-04-15T02:20:31.756,1001,25,MO,-1,missing,missing,missing
2021-04-15T02:20:31.756,missing,missing,LO,1,missing,missing,missing
2021-04-15T02:20:31.918,1001,88,LO,1,missing,missing,missing
2021-04-15T02:20:32.054,1001,70,MO,-1,missing,missing,missing
2021-04-15T02:20:32.054,1001,18,LO,1,missing,missing,missing
2021-04-15T02:20:32.116,1001,18,MO,-1,missing,missing,missing
2021-04-15T02:20:32.116,missing,missing,LO,1,missing,missing,missing
2021-04-15T02:20:33.489,999,2019,LO,1,missing,missing,missing
2021-04-15T02:20:33.703,999,57,MO,-1,missing,missing,missing
2021-04-15T02:20:33.703,999,1962,LO,1,missing,missing,missing
2021-04-15T02:20:34.098,1006,43,LO,-1,1002.5,999.1501246882793,7.0
2021-04-15T02:20:35.325,1000,61,LO,1,1003.0,1002.4807692307693,6.0
2021-04-15T02:20:37.425,1001,134,LO,1,1003.5,1002.2146892655368,5.0
2021-04-15T02:20:37.5,1006,43,MO,1,missing,missing,missing
2021-04-15T02:20:37.5,missing,missing,LO,-1,missing,missing,missing
2021-04-15T02:20:37.566,1000,61,OC,1,missing,missing,missing
2021-04-15T02:20:38.577,1004,24,LO,-1,1002.0,1001.1294117647059,4.0
2021-04-15T02:20:38.856,1003,26,LO,-1,1001.5,1000.8965517241379,3.0
2021-04-15T02:20:38.875,1001,110,LO,1,1002.0,1001.3823529411765,2.0
2021-04-15T02:20:39.717,1000,61,OC,1,1001.5,1000.8965517241379,3.0
2021-04-15T02:20:43.592,1002,28,LO,-1,1001.0,1000.629213483146,2.0
2021-04-15T02:20:47.006,1001,49,LO,-1,1000.5,1000.4454545454546,1.0
2021-04-15T02:20:47.855,1000,61,MO,-1,missing,missing,missing
2021-04-15T02:20:47.855,999,2048,LO,1,999.5,999.0622710622711,1.0
2021-04-15T02:20:47.855,1000,75,CLO,-1,999.5,999.0353273669335,1.0
2021-04-15T02:20:48.317,999,1985,OC,1,999.5,999.0364077669902,1.0
2021-04-15T02:20:50.75,1001,49,OC,-1,1000.0,999.0481809242871,2.0
2021-04-15T02:20:51.376,999,59,MO,-1,missing,missing,missing
2021-04-15T02:20:51.376,999,1926,LO,1,1000.0,999.0496202531646,2.0
2021-04-15T02:20:56.397,1000,50,LO,1,1000.5,1000.4949494949495,1.0
2021-04-15T02:21:00.976,999,1926,OC,1,1000.0,999.0496202531646,2.0
2021-04-15T02:21:01.243,1002,315,OC,-1,1000.5,999.4216867469879,3.0
2021-04-15T02:21:03.977,999,23,OC,1,1000.5,1001.7958579881657,3.0
2021-04-15T02:21:04.892,missing,missing,OC,1,missing,missing,missing
2021-04-15T02:21:06.514,995,54,LO,1,998.5,1000.9756097560976,7.0
2021-04-15T02:21:07.109,1001,21,LO,-1,998.0,996.68,6.0
2021-04-15T02:21:10.428,1000,21,LO,-1,997.5,996.4,5.0
2021-04-15T02:21:18.014,996,366,LO,1,998.0,996.2170542635658,4.0
2021-04-15T02:21:40.684,996,165,MO,-1,missing,missing,missing
2021-04-15T02:21:40.684,996,201,LO,1,998.0,996.3783783783783,4.0
2021-04-15T02:21:53.686,997,61,LO,1,998.5,997.7682926829268,3.0
2021-04-15T02:21:58.284,998,45,LO,1,999.0,998.6363636363636,2.0
2021-04-15T02:22:06.749,1001,43,OC,-1,999.5,999.4659090909091,3.0
2021-04-15T02:22:08.139,999,70,LO,1,1000.0,999.7610619469026,2.0
2021-04-15T02:22:13.788,998,87,OC,1,999.5,998.9923076923077,3.0
2021-04-15T02:22:14.037,1001,22,OC,-1,999.5,998.605504587156,3.0
2021-04-15T02:22:14.28,1000,24,LO,-1,999.0,998.4324324324324,2.0
2021-04-15T02:22:15.352,999,21,LO,1,999.5,999.5333333333333,1.0
2021-04-15T02:22:15.656,1000,24,MO,1,missing,missing,missing
2021-04-15T02:22:15.656,1002,315,LO,-1,1000.5,1001.8125,3.0
2021-04-15T02:22:15.656,1002,28,MO,1,missing,missing,missing
2021-04-15T02:22:15.656,1002,287,LO,-1,1000.5,1001.7954545454545,3.0
2021-04-15T02:22:15.656,1002,40,MO,1,missing,missing,missing
2021-04-15T02:22:15.656,1002,247,LO,-1,1000.5,1001.7649253731344,3.0
2021-04-15T02:22:22.459,1003,26,OC,-1,1001.0,1001.2127659574468,4.0
2021-04-15T02:22:29.502,1003,26,MO,1,missing,missing,missing
2021-04-15T02:22:29.502,1004,244,LO,-1,1001.5,1003.6037735849056,5.0
2021-04-15T02:22:29.502,1004,24,MO,1,missing,missing,missing
2021-04-15T02:22:29.502,1004,220,LO,-1,1001.5,1003.5643153526971,5.0
2021-04-15T02:22:29.502,1004,32,MO,1,missing,missing,missing
2021-04-15T02:22:29.502,1004,188,LO,-1,1001.5,1003.4976076555024,5.0
2021-04-15T02:22:30.447,999,21,MO,-1,missing,missing,missing
2021-04-15T02:22:30.447,998,216,LO,1,1001.0,1000.7920792079208,6.0
2021-04-15T02:22:30.448,998,39,MO,-1,missing,missing,missing
2021-04-15T02:22:30.448,998,177,LO,1,1001.0,1001.0904109589042,6.0
2021-04-15T02:22:33.369,1004,98,MO,1,missing,missing,missing
2021-04-15T02:22:33.369,1004,90,LO,-1,1001.0,1000.0224719101124,6.0
2021-04-15T02:22:34.176,1003,78,LO,-1,1000.5,999.5294117647059,5.0
2021-04-15T02:22:36.133,1002,228,LO,-1,1000.0,1000.2518518518518,4.0
2021-04-15T02:22:36.995,998,6,MO,-1,missing,missing,missing
2021-04-15T02:22:36.995,998,171,LO,1,1000.0,1000.2857142857143,4.0
2021-04-15T02:22:36.995,998,42,MO,-1,missing,missing,missing
2021-04-15T02:22:36.995,998,129,LO,1,1000.0,1000.5546218487395,4.0
2021-04-15T02:22:36.995,998,29,MO,-1,missing,missing,missing
2021-04-15T02:22:36.995,998,100,LO,1,1000.0,1000.780487804878,4.0
2021-04-15T02:22:38.446,1004,90,OC,-1,1001.0,1000.8421052631579,6.0
2021-04-15T02:22:39.99,1003,69,LO,-1,1000.5,1000.0414201183432,5.0
2021-04-15T02:22:41.339,999,23,LO,1,1001.0,1002.0,4.0
2021-04-15T02:22:43.21,1000,55,LO,1,1001.5,1001.6693548387096,3.0
2021-04-15T02:22:46.271,1002,128,LO,-1,1001.0,1001.3989071038251,2.0
2021-04-15T02:22:46.46,999,23,OC,1,1000.5,1001.5430463576159,3.0
2021-04-15T02:22:47.671,1001,20,LO,-1,1000.0,999.9302325581396,2.0
2021-04-15T02:22:49.001,1001,20,MO,1,missing,missing,missing
2021-04-15T02:22:49.001,1002,128,LO,-1,1000.5,1001.5430463576159,3.0
2021-04-15T02:22:49.001,1002,31,MO,1,missing,missing,missing
2021-04-15T02:22:49.001,1002,97,LO,-1,1000.5,1001.425,3.0
2021-04-15T02:22:58.114,1000,21,LO,1,1001.0,1001.6440677966102,2.0
2021-04-15T02:22:59.214,999,46,OC,1,1000.5,1001.034965034965,3.0
2021-04-15T02:23:01.303,1002,97,MO,1,missing,missing,missing
2021-04-15T02:23:01.303,1003,169,LO,-1,1001.0,1002.1441860465117,4.0
2021-04-15T02:23:01.303,1003,69,MO,1,missing,missing,missing
2021-04-15T02:23:01.303,1003,100,LO,-1,1001.0,1001.7397260273973,4.0
2021-04-15T02:23:01.303,1003,75,MO,1,missing,missing,missing
2021-04-15T02:23:01.303,1003,25,LO,-1,1001.0,1000.4084507042254,4.0
2021-04-15T02:23:01.303,1003,25,MO,1,missing,missing,missing
2021-04-15T02:23:01.303,missing,missing,LO,-1,missing,missing,missing
2021-04-15T02:23:05.089,1000,271,LO,1,missing,missing,missing
2021-04-15T02:23:13.769,999,46,OC,1,missing,missing,missing
2021-04-15T02:23:15.647,999,23,MO,-1,missing,missing,missing
2021-04-15T02:23:15.647,999,23,LO,1,missing,missing,missing
2021-04-15T02:23:15.647,999,23,MO,-1,missing,missing,missing
2021-04-15T02:23:15.647,998,92,LO,1,missing,missing,missing
2021-04-15T02:23:15.647,998,47,MO,-1,missing,missing,missing
2021-04-15T02:23:15.647,998,45,LO,1,missing,missing,missing
2021-04-15T02:23:23.767,999,24,LO,1,missing,missing,missing
2021-04-15T02:23:24.601,998,45,OC,1,missing,missing,missing
2021-04-15T02:23:24.897,1008,255,LO,-1,1003.0,1006.5,10.0
2021-04-15T02:23:25.394,missing,missing,OC,-1,missing,missing,missing
2021-04-15T02:23:27.552,1003,43,LO,-1,1000.5,1000.4431818181819,5.0
2021-04-15T02:23:29.573,missing,missing,OC,-1,missing,missing,missing
2021-04-15T02:23:32.092,1007,81,LO,-1,1002.5,1003.7857142857143,9.0
2021-04-15T02:23:33.148,999,24,LO,1,1003.0,1005.1714285714286,8.0
2021-04-15T02:23:33.348,1006,33,LO,-1,1002.5,1003.0526315789474,7.0
2021-04-15T02:23:34.037,1005,83,LO,-1,1002.0,1003.6542056074767,6.0
2021-04-15T02:23:34.478,1000,54,LO,1,1002.5,1003.029197080292,5.0
2021-04-15T02:23:34.594,1006,33,OC,-1,1003.0,1002.2758620689655,6.0
2021-04-15T02:23:34.868,1006,33,MO,1,missing,missing,missing
2021-04-15T02:23:34.868,1007,81,LO,-1,1003.5,1004.2,7.0
2021-04-15T02:23:34.868,1007,30,MO,1,missing,missing,missing
2021-04-15T02:23:34.868,1007,51,LO,-1,1003.5,1003.4,7.0
2021-04-15T02:23:37.984,999,24,OC,1,1003.0,1004.44,8.0
2021-04-15T02:23:38.836,1007,51,MO,1,missing,missing,missing
2021-04-15T02:23:38.836,1008,20,LO,-1,1003.5,1003.0909090909091,9.0
2021-04-15T02:23:38.836,1008,20,MO,1,missing,missing,missing
2021-04-15T02:23:38.836,missing,missing,LO,-1,missing,missing,missing
2021-04-15T02:23:39.206,1008,20,LO,-1,1003.5,1003.0909090909091,9.0
2021-04-15T02:23:41.102,998,6629,OC,1,1003.0,998.0300797112347,10.0
2021-04-15T02:23:41.133,998,6599,OC,1,1003.0,998.0302160447197,10.0
2021-04-15T02:23:42.119,1009,51,OC,-1,1003.5,998.0843609022556,11.0
2021-04-15T02:23:42.206,1009,51,MO,1,missing,missing,missing
2021-04-15T02:23:42.206,missing,missing,LO,-1,missing,missing,missing
2021-04-15T02:23:44.477,1002,23,LO,-1,1000.0,998.0138930836605,4.0
2021-04-15T02:23:46.69,1001,413,LO,-1,999.5,998.1766970907016,3.0
2021-04-15T02:23:47.159,998,15,MO,-1,missing,missing,missing
2021-04-15T02:23:47.159,998,6584,LO,1,999.5,998.177075889667,3.0
2021-04-15T02:23:47.159,998,1786,MO,-1,missing,missing,missing
2021-04-15T02:23:47.159,998,4798,LO,1,999.5,998.237766263673,3.0
2021-04-15T02:23:48.101,999,36,LO,1,1000.0,1000.8396436525612,2.0
2021-04-15T02:23:49.34,1001,51,MO,1,missing,missing,missing
2021-04-15T02:23:49.34,1001,362,LO,-1,1000.0,1000.8190954773869,2.0
2021-04-15T02:23:49.588,1001,362,MO,1,missing,missing,missing
2021-04-15T02:23:49.588,1002,105,LO,-1,1000.5,1001.2340425531914,3.0
2021-04-15T02:23:49.588,1002,23,MO,1,missing,missing,missing
2021-04-15T02:23:49.588,1002,82,LO,-1,1000.5,1001.0847457627119,3.0
2021-04-15T02:23:49.588,1002,57,MO,1,missing,missing,missing
2021-04-15T02:23:49.588,1002,25,LO,-1,1000.5,1000.2295081967213,3.0
2021-04-15T02:23:49.906,998,4798,OC,1,1000.0,998.0207339829981,4.0
2021-04-15T02:23:52.511,998,219,MO,-1,missing,missing,missing
2021-04-15T02:23:52.511,998,4579,LO,1,1000.0,998.0217202432667,4.0
2021-04-15T02:23:53.061,999,48,LO,1,1000.5,1000.027397260274,3.0
2021-04-15T02:23:53.931,1003,38,OC,-1,1001.0,1000.7674418604652,4.0
2021-04-15T02:23:54.432,999,48,MO,-1,missing,missing,missing
2021-04-15T02:23:54.432,998,5100,LO,1,1000.5,998.0369793694044,5.0
2021-04-15T02:23:54.432,998,4,MO,-1,missing,missing,missing
2021-04-15T02:23:54.432,998,5096,LO,1,1000.5,998.0370081807557,5.0
2021-04-15T02:23:54.582,998,4575,OC,1,1000.5,998.041187947106,5.0
2021-04-15T02:23:54.983,998,388,MO,-1,missing,missing,missing
2021-04-15T02:23:54.983,998,4187,LO,1,1000.5,998.0449704142012,5.0
2021-04-15T02:23:56.28,1004,24,OC,-1,1001.0,998.0341961529329,6.0
2021-04-15T02:23:56.348,1004,24,MO,1,missing,missing,missing
2021-04-15T02:23:56.348,missing,missing,LO,-1,missing,missing,missing
2021-04-15T02:23:57.74,1001,25,LO,-1,999.5,998.0178062678062,3.0
2021-04-15T02:23:57.925,999,72,LO,1,1000.0,999.5154639175257,2.0
2021-04-15T02:23:58.602,1000,31,LO,1,1000.5,1000.4464285714286,1.0
2021-04-15T02:24:01.36,1001,25,MO,1,missing,missing,missing
2021-04-15T02:24:01.36,missing,missing,LO,-1,missing,missing,missing
2021-04-15T02:24:01.36,1001,10,CLO,1,missing,missing,missing
2021-04-15T02:24:02.203,1002,314,LO,-1,1001.5,1001.9691358024692,1.0
2021-04-15T02:24:02.247,missing,missing,OC,-1,missing,missing,missing
2021-04-15T02:24:03.548,1001,10,MO,-1,missing,missing,missing
2021-04-15T02:24:03.548,1000,31,LO,1,missing,missing,missing
2021-04-15T02:24:03.548,1000,31,MO,-1,missing,missing,missing
2021-04-15T02:24:03.548,999,133,LO,1,missing,missing,missing
2021-04-15T02:24:03.548,999,72,MO,-1,missing,missing,missing
2021-04-15T02:24:03.548,999,61,LO,1,missing,missing,missing
2021-04-15T02:24:03.548,999,15,MO,-1,missing,missing,missing
2021-04-15T02:24:03.548,999,46,LO,1,missing,missing,missing
2021-04-15T02:24:10.853,1005,663,LO,-1,1002.0,1004.6107193229901,6.0
2021-04-15T02:24:14.443,1004,138,LO,-1,1001.5,1002.75,5.0
2021-04-15T02:24:15.586,1000,25,LO,1,1002.0,1003.3865030674847,4.0
2021-04-15T02:24:16.184,1004,138,MO,1,missing,missing,missing
2021-04-15T02:24:16.184,missing,missing,LO,-1,missing,missing,missing
2021-04-15T02:24:21.894,1003,47,LO,-1,1001.5,1001.9583333333334,3.0
2021-04-15T02:24:22.166,1000,25,MO,-1,missing,missing,missing
2021-04-15T02:24:22.166,999,100,LO,1,1001.0,1000.2789115646259,4.0
2021-04-15T02:24:22.167,999,24,MO,-1,missing,missing,missing
2021-04-15T02:24:22.167,999,76,LO,1,1001.0,1000.5284552845528,4.0
2021-04-15T02:24:22.167,999,22,MO,-1,missing,missing,missing
2021-04-15T02:24:22.167,999,54,LO,1,1001.0,1000.8613861386139,4.0
2021-04-15T02:24:22.167,999,54,MO,-1,missing,missing,missing
2021-04-15T02:24:22.167,998,4219,LO,1,1000.5,998.0550867323019,5.0
2021-04-15T02:24:22.167,998,48,MO,-1,missing,missing,missing
2021-04-15T02:24:22.167,998,4171,LO,1,1000.5,998.0557136083452,5.0
2021-04-15T02:24:23.002,998,133,MO,-1,missing,missing,missing
2021-04-15T02:24:23.002,998,4038,LO,1,1000.5,998.0575275397797,5.0
2021-04-15T02:24:26.776,1002,98,LO,-1,1000.0,998.0947775628626,4.0
2021-04-15T02:24:27.331,1001,24,LO,-1,999.5,998.0177252584933,3.0
2021-04-15T02:24:28.018,998,4006,MO,-1,missing,missing,missing
2021-04-15T02:24:28.018,998,32,LO,1,999.5,999.2857142857143,3.0
2021-04-15T02:24:28.018,998,32,MO,-1,missing,missing,missing
2021-04-15T02:24:28.018,missing,missing,LO,1,missing,missing,missing
2021-04-15T02:24:28.209,1002,98,OC,-1,missing,missing,missing
2021-04-15T02:24:29.354,1001,29,LO,-1,missing,missing,missing
2021-04-15T02:24:30.7,1002,98,OC,-1,missing,missing,missing
2021-04-15T02:24:31.25,1001,22,LO,-1,missing,missing,missing
2021-04-15T02:24:32.201,998,48,LO,1,999.5,998.9428571428572,3.0
2021-04-15T02:24:33.5,1001,22,MO,1,missing,missing,missing
2021-04-15T02:24:33.5,1002,125,LO,-1,1000.0,1000.8901734104046,4.0
2021-04-15T02:24:33.5,1002,98,MO,1,missing,missing,missing
2021-04-15T02:24:33.5,1002,27,LO,-1,1000.0,999.44,4.0
2021-04-15T02:24:33.5,1002,27,MO,1,missing,missing,missing
2021-04-15T02:24:33.5,1003,859,LO,-1,1000.5,1002.7353914002205,5.0
2021-04-15T02:24:33.5,1003,1,MO,1,missing,missing,missing
2021-04-15T02:24:33.5,1003,858,LO,-1,1000.5,1002.7350993377484,5.0
2021-04-15T02:24:35.194,998,48,MO,-1,missing,missing,missing
2021-04-15T02:24:35.194,missing,missing,LO,1,missing,missing,missing
2021-04-15T02:25:18.033,1002,183,LO,-1,missing,missing,missing
2021-04-15T02:25:33.514,1001,531,LO,-1,missing,missing,missing
2021-04-15T02:25:33.614,992,48,LO,1,996.5,1000.2538860103627,9.0
2021-04-15T02:25:38.067,992,48,MO,-1,missing,missing,missing
2021-04-15T02:25:38.067,missing,missing,LO,1,missing,missing,missing
2021-04-15T02:25:43.29,1002,537,OC,-1,missing,missing,missing
2021-04-15T02:25:43.601,1002,133,MO,1,missing,missing,missing
2021-04-15T02:25:43.601,1002,404,LO,-1,missing,missing,missing
2021-04-15T02:25:43.686,1002,140,OC,-1,missing,missing,missing
2021-04-15T02:25:48.556,1002,90,OC,-1,missing,missing,missing
2021-04-15T02:26:01.61,1001,60,LO,-1,missing,missing,missing
2021-04-15T02:26:02.927,1002,90,OC,-1,missing,missing,missing
2021-04-15T02:26:04.329,1002,70,MO,1,missing,missing,missing
2021-04-15T02:26:04.329,1002,20,LO,-1,missing,missing,missing
2021-04-15T02:26:21.554,998,54,LO,1,1000.0,999.081081081081,4.0
2021-04-15T02:26:25.536,1001,92,LO,-1,999.5,999.8904109589041,3.0
2021-04-15T02:26:25.925,999,33,LO,1,1000.0,1000.472,2.0
2021-04-15T02:26:26.329,998,54,OC,1,999.5,999.8904109589041,3.0
2021-04-15T02:26:35.914,1002,20,OC,-1,1000.0,999.081081081081,4.0
2021-04-15T02:26:35.926,1001,62,LO,-1,999.5,999.6034482758621,3.0
2021-04-15T02:26:37.924,1000,28,LO,-1,999.0,998.6829268292682,2.0
2021-04-15T02:26:39.573,1001,62,OC,-1,999.5,999.6034482758621,3.0
2021-04-15T02:26:40.606,1000,35,LO,-1,999.0,998.7865168539325,2.0
2021-04-15T02:26:41.203,997,1407,OC,1,998.5,997.0728155339806,3.0
2021-04-15T02:26:42.378,1000,35,MO,1,missing,missing,missing
2021-04-15T02:26:42.378,1002,20,LO,-1,999.5,997.0700770847933,5.0
2021-04-15T02:26:42.378,1002,20,MO,1,missing,missing,missing
2021-04-15T02:26:42.378,1003,46,LO,-1,1000.0,997.1899518238127,6.0
2021-04-15T02:26:42.378,1003,46,MO,1,missing,missing,missing
2021-04-15T02:26:42.378,1004,160,LO,-1,1000.5,997.7147415443523,7.0
2021-04-15T02:26:42.378,1004,21,MO,1,missing,missing,missing
2021-04-15T02:26:42.378,1004,139,LO,-1,1000.5,997.6293661060802,7.0
2021-04-15T02:26:44.778,997,1387,OC,1,1000.5,997.6376146788991,7.0
2021-04-15T02:26:48.697,998,91,LO,1,1001.0,1001.6260869565217,6.0
2021-04-15T02:26:50.754,998,91,MO,-1,missing,missing,missing
2021-04-15T02:26:50.754,997,1387,LO,1,1000.5,997.6376146788991,7.0
2021-04-15T02:26:50.754,997,22,MO,-1,missing,missing,missing
2021-04-15T02:26:50.754,997,1365,LO,1,1000.5,997.6469414893617,7.0
2021-04-15T02:26:50.754,997,11,MO,-1,missing,missing,missing
2021-04-15T02:26:50.754,997,1354,LO,1,1000.5,997.6517079705292,7.0
2021-04-15T02:26:55.769,missing,missing,OC,1,missing,missing,missing
2021-04-15T02:26:57.448,1003,29,LO,-1,missing,missing,missing
2021-04-15T02:26:59.92,1003,29,MO,1,missing,missing,missing
2021-04-15T02:26:59.92,1004,139,LO,-1,missing,missing,missing
2021-04-15T02:26:59.92,1004,139,MO,1,missing,missing,missing
2021-04-15T02:26:59.92,1005,193,LO,-1,missing,missing,missing
2021-04-15T02:26:59.92,1005,53,MO,1,missing,missing,missing
2021-04-15T02:26:59.92,1005,140,LO,-1,missing,missing,missing
2021-04-15T02:26:59.92,1005,27,MO,1,missing,missing,missing
2021-04-15T02:26:59.92,1005,113,LO,-1,missing,missing,missing
2021-04-15T02:26:59.92,1005,31,MO,1,missing,missing,missing
2021-04-15T02:26:59.92,1005,82,LO,-1,missing,missing,missing
2021-04-15T02:26:59.92,1005,82,MO,1,missing,missing,missing
2021-04-15T02:26:59.92,missing,missing,LO,-1,missing,missing,missing
2021-04-15T02:27:00.727,1000,33,LO,1,missing,missing,missing
2021-04-15T02:27:01.144,1009,34,LO,-1,1004.5,1004.5671641791045,9.0
2021-04-15T02:27:01.254,1008,175,LO,-1,1004.0,1006.7307692307693,8.0
2021-04-15T02:27:01.31,missing,missing,OC,1,missing,missing,missing
2021-04-15T02:27:02.838,1001,25,LO,1,1004.5,1007.125,7.0
2021-04-15T02:27:03.223,1007,89,LO,-1,1004.0,1005.6842105263158,6.0
2021-04-15T02:27:06.334,1000,61,OC,1,1003.5,1004.1533333333333,7.0
2021-04-15T02:27:10.146,missing,missing,OC,1,missing,missing,missing
2021-04-15T02:27:15.682,1006,48,LO,1,1006.5,1006.6496350364963,1.0
2021-04-15T02:27:16.349,1007,38,MO,1,missing,missing,missing
2021-04-15T02:27:16.349,1007,51,LO,-1,1007.0,1007.0,0.0
2021-04-15T02:27:23.918,1006,43,MO,-1,missing,missing,missing
2021-04-15T02:27:23.918,1006,5,LO,1,1006.0,1006.0,0.0
2021-04-15T02:27:24.213,1006,5,MO,-1,missing,missing,missing
2021-04-15T02:27:24.213,1005,33,LO,1,1005.5,1005.45,1.0
2021-04-15T02:27:24.213,1006,22,CLO,-1,1005.5,1005.4,1.0
2021-04-15T02:27:24.652,1005,33,MO,-1,missing,missing,missing
2021-04-15T02:27:24.652,missing,missing,LO,1,missing,missing,missing
2021-04-15T02:27:24.652,1005,214,CLO,-1,missing,missing,missing
2021-04-15T02:27:26.225,998,49,LO,1,1001.5,1003.6958174904943,7.0
2021-04-15T02:27:27.734,1006,45,OC,-1,1002.0,1001.8297872340426,8.0
2021-04-15T02:27:28.437,998,49,MO,-1,missing,missing,missing
2021-04-15T02:27:28.437,997,22,LO,1,1001.5,1003.044776119403,9.0
2021-04-15T02:27:28.437,997,7,MO,-1,missing,missing,missing
2021-04-15T02:27:28.437,997,15,LO,1,1001.5,1003.75,9.0
2021-04-15T02:27:29.647,997,15,MO,-1,missing,missing,missing
2021-04-15T02:27:29.647,missing,missing,LO,1,missing,missing,missing
2021-04-15T02:27:31.01,1001,89,LO,1,1003.5,1002.679104477612,5.0
2021-04-15T02:27:49.911,1006,23,OC,-1,1003.5,1002.0267857142857,5.0
2021-04-15T02:27:50.321,1001,54,MO,-1,missing,missing,missing
2021-04-15T02:27:50.321,1001,35,LO,1,1003.5,1002.9827586206897,5.0
2021-04-15T02:27:51.188,1005,48,LO,-1,1003.0,1003.3132530120482,4.0
2021-04-15T02:27:54.458,missing,missing,OC,1,missing,missing,missing
2021-04-15T02:27:59.105,1004,63,LO,-1,missing,missing,missing
2021-04-15T02:27:59.549,1003,40,LO,-1,missing,missing,missing
2021-04-15T02:27:59.897,1002,67,LO,-1,missing,missing,missing
2021-04-15T02:28:00.083,1002,67,MO,1,missing,missing,missing
2021-04-15T02:28:00.083,1003,40,LO,-1,missing,missing,missing
2021-04-15T02:28:00.083,1003,40,MO,1,missing,missing,missing
2021-04-15T02:28:00.083,1004,63,LO,-1,missing,missing,missing
2021-04-15T02:28:00.083,1004,63,MO,1,missing,missing,missing
2021-04-15T02:28:00.083,1005,48,LO,-1,missing,missing,missing
2021-04-15T02:28:00.083,1005,48,MO,1,missing,missing,missing
2021-04-15T02:28:00.083,1006,74,LO,-1,missing,missing,missing
2021-04-15T02:28:00.083,1006,23,MO,1,missing,missing,missing
2021-04-15T02:28:00.083,1006,51,LO,-1,missing,missing,missing
2021-04-15T02:28:00.083,1006,51,MO,1,missing,missing,missing
2021-04-15T02:28:00.083,missing,missing,LO,-1,missing,missing,missing
2021-04-15T02:28:00.87,1007,567,LO,-1,missing,missing,missing
2021-04-15T02:28:03.114,998,32,LO,1,1002.5,1006.5191986644408,9.0
2021-04-15T02:28:04.019,998,32,MO,-1,missing,missing,missing
2021-04-15T02:28:04.019,missing,missing,LO,1,missing,missing,missing
2021-04-15T02:28:04.653,missing,missing,OC,-1,missing,missing,missing
2021-04-15T02:28:05.362,1001,618,LO,-1,missing,missing,missing
2021-04-15T02:28:10.655,1000,40,LO,-1,missing,missing,missing
2021-04-15T02:28:11.562,999,53,LO,1,999.5,999.4301075268817,1.0
2021-04-15T02:28:14.341,999,53,MO,-1,missing,missing,missing
2021-04-15T02:28:14.341,missing,missing,LO,1,missing,missing,missing
2021-04-15T02:28:14.341,999,20,CLO,-1,missing,missing,missing
2021-04-15T02:28:15.034,1000,40,OC,-1,missing,missing,missing
2021-04-15T02:28:15.571,996,29,LO,1,998.0,998.3188405797101,4.0
2021-04-15T02:28:15.666,1001,109,OC,-1,998.5,999.9492753623189,5.0
2021-04-15T02:28:18.948,1001,43,MO,1,missing,missing,missing
2021-04-15T02:28:18.948,1001,66,LO,-1,998.5,999.4736842105264,5.0
2021-04-15T02:28:18.948,1001,66,MO,1,missing,missing,missing
2021-04-15T02:28:18.948,1002,96,LO,-1,999.0,1000.608,6.0
2021-04-15T02:28:18.948,1002,25,MO,1,missing,missing,missing
2021-04-15T02:28:18.948,1002,71,LO,-1,999.0,1000.26,6.0
2021-04-15T02:28:18.948,1002,48,MO,1,missing,missing,missing
2021-04-15T02:28:18.948,1002,23,LO,-1,999.0,998.6538461538462,6.0
2021-04-15T02:28:18.948,1002,12,MO,1,missing,missing,missing
2021-04-15T02:28:18.948,1002,11,LO,-1,999.0,997.65,6.0
2021-04-15T02:28:30.739,1003,136,OC,-1,999.5,1001.769696969697,7.0
2021-04-15T02:28:31.498,missing,missing,OC,-1,missing,missing,missing
2021-04-15T02:28:33.677,997,25,LO,1,missing,missing,missing
2021-04-15T02:28:34.48,1000,39,LO,-1,998.5,998.828125,3.0
2021-04-15T02:28:35.233,996,1520,OC,1,998.0,996.1000641436818,4.0
2021-04-15T02:28:35.79,999,74,LO,-1,997.5,996.1392722710164,3.0
2021-04-15T02:28:41.315,996,1491,OC,1,997.5,996.1418530351438,3.0
2021-04-15T02:28:42.022,995,39,OC,1,997.0,997.6194690265487,4.0
2021-04-15T02:28:47.122,998,92,LO,-1,996.5,997.1068702290077,3.0
2021-04-15T02:28:55.086,998,76,MO,1,missing,missing,missing
2021-04-15T02:28:55.086,998,16,LO,-1,996.5,995.8727272727273,3.0
2021-04-15T02:28:56.17,996,64,LO,1,997.0,996.4,2.0
2021-04-15T02:29:22.007,998,16,MO,1,missing,missing,missing
2021-04-15T02:29:22.007,999,60,LO,-1,997.5,997.4516129032259,3.0
2021-04-15T02:29:22.007,999,60,MO,1,missing,missing,missing
2021-04-15T02:29:22.007,1000,39,LO,-1,998.0,997.5145631067961,4.0
2021-04-15T02:29:22.007,1000,39,MO,1,missing,missing,missing
2021-04-15T02:29:22.007,missing,missing,LO,-1,missing,missing,missing
2021-04-15T02:29:26.499,995,33,OC,1,missing,missing,missing
2021-04-15T02:29:31.671,996,25,LO,-1,995.5,995.4310344827586,1.0
2021-04-15T02:29:32.309,995,22,MO,-1,missing,missing,missing
2021-04-15T02:29:32.309,995,11,LO,1,995.0,995.0,0.0
2021-04-15T02:29:32.347,missing,missing,OC,-1,missing,missing,missing
2021-04-15T02:29:33.111,1000,20,LO,-1,997.5,998.2258064516129,5.0
2021-04-15T02:29:33.591,995,11,MO,-1,missing,missing,missing
2021-04-15T02:29:33.591,994,77,LO,1,997.0,995.2371134020618,6.0
2021-04-15T02:29:33.591,994,25,MO,-1,missing,missing,missing
2021-04-15T02:29:33.591,994,52,LO,1,997.0,995.6666666666666,6.0
2021-04-15T02:29:33.591,994,27,MO,-1,missing,missing,missing
2021-04-15T02:29:33.591,994,25,LO,1,997.0,996.6666666666666,6.0
2021-04-15T02:29:33.591,994,25,MO,-1,missing,missing,missing
2021-04-15T02:29:33.591,missing,missing,LO,1,missing,missing,missing
2021-04-15T02:29:33.91,999,72,LO,1,999.5,999.2173913043479,1.0
2021-04-15T02:29:34.224,missing,missing,OC,1,missing,missing,missing
2021-04-15T02:29:37.266,1000,20,MO,1,missing,missing,missing
2021-04-15T02:29:37.266,missing,missing,LO,-1,missing,missing,missing
2021-04-15T02:29:38.311,990,138,LO,1,missing,missing,missing
2021-04-15T02:29:38.317,missing,missing,OC,1,missing,missing,missing
2021-04-15T02:29:38.613,1000,25,LO,-1,missing,missing,missing
2021-04-15T02:29:39.007,991,56,LO,1,995.5,993.7777777777778,9.0
2021-04-15T02:29:39.384,missing,missing,OC,1,missing,missing,missing
2021-04-15T02:29:39.442,1000,25,MO,1,missing,missing,missing
2021-04-15T02:29:39.442,missing,missing,LO,-1,missing,missing,missing
2021-04-15T02:29:40.32,993,36,LO,-1,missing,missing,missing
2021-04-15T02:29:41.113,992,40,LO,-1,missing,missing,missing
2021-04-15T02:29:42.392,990,23,LO,1,991.0,991.2698412698413,2.0
2021-04-15T02:29:42.917,missing,missing,OC,1,missing,missing,missing
2021-04-15T02:29:43.38,991,54,LO,-1,missing,missing,missing
2021-04-15T02:29:44.751,987,33,LO,1,989.0,989.4827586206897,4.0
2021-04-15T02:29:45.225,987,33,MO,-1,missing,missing,missing
2021-04-15T02:29:45.225,missing,missing,LO,1,missing,missing,missing
2021-04-15T02:29:45.771,987,24,LO,1,989.0,989.7692307692307,4.0
2021-04-15T02:29:47.108,missing,missing,OC,1,missing,missing,missing
2021-04-15T02:29:48.821,992,250,OC,-1,missing,missing,missing
2021-04-15T02:29:49.725,982,157,LO,1,987.0,988.1425061425061,10.0
2021-04-15T02:29:51.668,992,40,MO,1,missing,missing,missing
2021-04-15T02:29:51.668,992,210,LO,-1,987.0,987.7220708446866,10.0
2021-04-15T02:29:51.668,992,21,MO,1,missing,missing,missing
2021-04-15T02:29:51.668,992,189,LO,-1,987.0,987.4624277456647,10.0
2021-04-15T02:29:51.668,992,47,MO,1,missing,missing,missing
2021-04-15T02:29:51.668,992,142,LO,-1,987.0,986.7491638795987,10.0
2021-04-15T02:29:51.668,992,56,MO,1,missing,missing,missing
2021-04-15T02:29:51.668,992,86,LO,-1,987.0,985.5390946502058,10.0
2021-04-15T02:29:52.166,missing,missing,OC,1,missing,missing,missing
2021-04-15T02:29:52.434,990,29,LO,1,991.0,991.4956521739131,2.0
2021-04-15T02:29:52.474,992,86,MO,1,missing,missing,missing
2021-04-15T02:29:52.474,missing,missing,LO,-1,missing,missing,missing
2021-04-15T02:29:53.844,995,34,LO,-1,992.5,992.6984126984127,5.0
2021-04-15T02:29:53.954,991,61,LO,1,993.0,992.4315789473684,4.0
2021-04-15T02:29:55.644,994,55,LO,-1,992.5,992.4224137931035,3.0
2021-04-15T02:29:56.395,995,34,OC,-1,993.0,992.4315789473684,4.0
2021-04-15T02:29:56.448,missing,missing,OC,-1,missing,missing,missing
2021-04-15T02:29:56.808,991,61,MO,-1,missing,missing,missing
2021-04-15T02:29:56.808,990,29,LO,1,missing,missing,missing
2021-04-15T02:29:56.808,990,13,MO,-1,missing,missing,missing
2021-04-15T02:29:56.808,990,16,LO,1,missing,missing,missing
2021-04-15T02:29:57.244,missing,missing,OC,1,missing,missing,missing
2021-04-15T02:29:58.451,997,43,LO,-1,missing,missing,missing
2021-04-15T02:29:58.766,997,43,MO,1,missing,missing,missing
2021-04-15T02:29:58.766,missing,missing,LO,-1,missing,missing,missing
2021-04-15T02:29:59.909,1000,24,LO,-1,missing,missing,missing
2021-04-15T02:30:00.864,999,83,LO,-1,missing,missing,missing
2021-04-15T02:30:02.495,989,38,LO,1,994.0,995.8595041322315,10.0
2021-04-15T02:30:02.62,1000,86,OC,-1,994.5,996.6290322580645,11.0
2021-04-15T02:30:03.621,989,38,MO,-1,missing,missing,missing
2021-04-15T02:30:03.621,missing,missing,LO,1,missing,missing,missing
2021-04-15T02:30:07.043,999,37,LO,-1,missing,missing,missing
2021-04-15T02:30:08.065,990,38,LO,1,994.5,994.44,9.0
2021-04-15T02:30:09.013,991,35,LO,1,995.0,995.1111111111111,8.0
2021-04-15T02:30:09.102,999,37,MO,1,missing,missing,missing
2021-04-15T02:30:09.102,1000,113,LO,-1,995.5,997.8716216216217,9.0
2021-04-15T02:30:09.102,1000,24,MO,1,missing,missing,missing
2021-04-15T02:30:09.102,1000,89,LO,-1,995.5,997.4596774193549,9.0
2021-04-15T02:30:09.102,1000,40,MO,1,missing,missing,missing
2021-04-15T02:30:09.102,1000,49,LO,-1,995.5,996.25,9.0
2021-04-15T02:30:11.138,992,66,LO,1,996.0,995.408695652174,8.0
2021-04-15T02:30:17.428,999,186,LO,-1,995.5,997.1666666666666,7.0
2021-04-15T02:30:20.397,993,22,LO,1,996.0,998.3653846153846,6.0
2021-04-15T02:30:31.364,998,35,LO,-1,995.5,996.0701754385965,5.0
2021-04-15T02:30:36.753,999,186,OC,-1,996.0,998.3653846153846,6.0
2021-04-15T02:30:41.449,993,22,MO,-1,missing,missing,missing
2021-04-15T02:30:41.449,992,66,LO,1,995.5,997.1666666666666,7.0
2021-04-15T02:30:41.449,992,39,MO,-1,missing,missing,missing
2021-04-15T02:30:41.449,992,27,LO,1,995.5,998.112676056338,7.0
2021-04-15T02:30:44.41,991,67,OC,1,995.0,996.8814229249011,8.0
2021-04-15T02:30:44.52,992,542,LO,1,995.5,993.7884615384615,7.0
2021-04-15T02:30:45.002,998,64,LO,-1,995.0,992.6336633663366,6.0
2021-04-15T02:30:45.012,998,64,MO,1,missing,missing,missing
2021-04-15T02:30:45.012,999,186,LO,-1,995.5,993.7884615384615,7.0
2021-04-15T02:30:45.012,999,186,MO,1,missing,missing,missing
2021-04-15T02:30:45.012,1000,51,LO,-1,996.0,992.6880269814502,8.0
2021-04-15T02:30:45.012,1000,27,MO,1,missing,missing,missing
2021-04-15T02:30:45.012,1000,24,LO,-1,996.0,992.339222614841,8.0
2021-04-15T02:30:45.012,1000,24,MO,1,missing,missing,missing
2021-04-15T02:30:45.012,missing,missing,LO,-1,missing,missing,missing
2021-04-15T02:30:49.71,991,67,OC,1,missing,missing,missing
2021-04-15T02:30:56.244,992,58,LO,1,missing,missing,missing
2021-04-15T02:31:13.903,992,58,MO,-1,missing,missing,missing
2021-04-15T02:31:13.903,991,113,LO,1,missing,missing,missing
2021-04-15T02:31:13.903,991,32,MO,-1,missing,missing,missing
2021-04-15T02:31:13.903,991,81,LO,1,missing,missing,missing
2021-04-15T02:31:13.904,991,35,MO,-1,missing,missing,missing
2021-04-15T02:31:13.904,991,46,LO,1,missing,missing,missing
2021-04-15T02:31:13.904,991,21,MO,-1,missing,missing,missing
2021-04-15T02:31:13.904,991,25,LO,1,missing,missing,missing
2021-04-15T02:31:13.904,991,25,MO,-1,missing,missing,missing
2021-04-15T02:31:13.904,990,41,LO,1,missing,missing,missing
2021-04-15T02:31:13.904,990,41,MO,-1,missing,missing,missing
2021-04-15T02:31:13.904,missing,missing,LO,1,missing,missing,missing
2021-04-15T02:31:17.132,996,27,LO,-1,missing,missing,missing
2021-04-15T02:31:20.691,995,96,LO,-1,missing,missing,missing
2021-04-15T02:31:21.145,996,27,OC,-1,missing,missing,missing
2021-04-15T02:31:30.399,987,25,LO,1,991.5,991.6730769230769,9.0
2021-04-15T02:31:30.428,missing,missing,OC,-1,missing,missing,missing
2021-04-15T02:31:32.523,992,23,LO,-1,989.5,989.3958333333334,5.0
2021-04-15T02:31:32.966,988,149,LO,1,990.0,988.5348837209302,4.0
2021-04-15T02:31:33.564,989,24,LO,1,990.5,990.468085106383,3.0
2021-04-15T02:31:34.508,990,219,LO,1,991.0,990.1900826446281,2.0
2021-04-15T02:31:37.187,992,23,MO,1,missing,missing,missing
2021-04-15T02:31:37.187,993,208,LO,-1,991.5,991.4613583138173,3.0
2021-04-15T02:31:37.187,993,75,MO,1,missing,missing,missing
2021-04-15T02:31:37.187,993,133,LO,-1,991.5,991.1335227272727,3.0
2021-04-15T02:31:38.67,991,38,LO,1,992.0,992.5555555555555,2.0
2021-04-15T02:31:50.325,993,61,MO,1,missing,missing,missing
2021-04-15T02:31:50.325,993,72,LO,-1,992.0,992.3090909090909,2.0
2021-04-15T02:31:54.089,990,266,OC,1,991.5,990.6390532544378,3.0
2021-04-15T02:31:54.333,990,78,MO,-1,missing,missing,missing
2021-04-15T02:31:54.333,990,188,LO,1,991.5,990.8307692307692,3.0
2021-04-15T02:31:55.519,992,30,LO,-1,991.0,990.2752293577981,2.0
2021-04-15T02:31:55.615,990,163,OC,1,991.0,990.3108808290156,2.0
2021-04-15T02:31:58.153,990,22,OC,1,991.0,991.1538461538462,2.0
2021-04-15T02:31:58.925,993,94,OC,-1,991.5,992.4310344827586,3.0
2021-04-15T02:32:04.554,991,43,LO,1,992.0,992.3722627737226,2.0
2021-04-15T02:32:12.609,991,43,MO,-1,missing,missing,missing
2021-04-15T02:32:12.609,990,941,LO,1,991.5,990.2724637681159,3.0
2021-04-15T02:32:12.609,990,22,MO,-1,missing,missing,missing
2021-04-15T02:32:12.609,990,919,LO,1,991.5,990.2783810463968,3.0
2021-04-15T02:32:12.609,990,14,MO,-1,missing,missing,missing
2021-04-15T02:32:12.609,990,905,LO,1,991.5,990.2822822822823,3.0
2021-04-15T02:32:13.924,991,22,LO,1,992.0,992.6206896551724,2.0
2021-04-15T02:32:17.11,992,234,LO,1,992.5,992.2865853658536,1.0
2021-04-15T02:32:18.451,993,9,MO,1,missing,missing,missing
2021-04-15T02:32:18.451,993,85,LO,-1,993.0,993.0,0.0
2021-04-15T02:32:18.451,993,13,MO,1,missing,missing,missing
2021-04-15T02:32:18.451,993,72,LO,-1,993.0,993.0,0.0
2021-04-15T02:32:19.813,991,22,OC,1,992.0,992.531914893617,2.0
2021-04-15T02:32:19.955,991,22,MO,-1,missing,missing,missing
2021-04-15T02:32:19.955,990,29,LO,1,991.5,992.1386138613861,3.0
2021-04-15T02:32:19.955,990,29,MO,-1,missing,missing,missing
2021-04-15T02:32:19.955,989,43,LO,1,991.0,991.5043478260869,4.0
2021-04-15T02:32:19.955,989,43,MO,-1,missing,missing,missing
2021-04-15T02:32:19.955,988,149,LO,1,990.5,989.6289592760181,5.0
2021-04-15T02:32:19.956,988,110,MO,-1,missing,missing,missing
2021-04-15T02:32:19.956,988,39,LO,1,990.5,991.2432432432432,5.0
2021-04-15T02:32:20.885,989,132,LO,1,991.0,990.4117647058823,4.0
2021-04-15T02:32:29.986,992,21,LO,-1,990.5,989.4117647058823,3.0
2021-04-15T02:32:35.165,993,72,OC,-1,991.0,990.4117647058823,4.0
2021-04-15T02:32:54.999,992,52,LO,-1,990.5,989.8478260869565,3.0
2021-04-15T02:32:56.679,990,81,LO,1,991.0,990.781954887218,2.0
2021-04-15T02:32:56.864,991,23,LO,1,991.5,991.6933333333334,1.0
2021-04-15T02:32:58.414,992,25,MO,1,missing,missing,missing
2021-04-15T02:32:58.414,992,27,LO,-1,992.0,992.0,0.0
2021-04-15T02:33:03.336,992,27,MO,1,missing,missing,missing
2021-04-15T02:33:03.336,993,72,LO,-1,992.0,992.5157894736842,2.0
2021-04-15T02:33:03.336,993,50,MO,1,missing,missing,missing
2021-04-15T02:33:03.336,993,22,LO,-1,992.0,991.9777777777778,2.0
2021-04-15T02:33:03.336,993,22,MO,1,missing,missing,missing
2021-04-15T02:33:03.336,994,35,LO,-1,992.5,992.8103448275862,3.0
2021-04-15T02:33:03.336,994,6,MO,1,missing,missing,missing
2021-04-15T02:33:03.336,994,29,LO,-1,992.5,992.6730769230769,3.0
2021-04-15T02:33:04.104,992,34,LO,1,993.0,992.9206349206349,2.0
2021-04-15T02:33:06.775,992,34,MO,-1,missing,missing,missing
2021-04-15T02:33:06.775,991,23,LO,1,992.5,992.6730769230769,3.0
2021-04-15T02:33:06.775,991,19,MO,-1,missing,missing,missing
2021-04-15T02:33:06.775,991,4,LO,1,992.5,993.6363636363636,3.0
2021-04-15T02:33:06.805,994,29,MO,1,missing,missing,missing
2021-04-15T02:33:06.805,995,39,LO,-1,993.0,994.6279069767442,4.0
2021-04-15T02:33:06.805,995,39,MO,1,missing,missing,missing
2021-04-15T02:33:06.805,missing,missing,LO,-1,missing,missing,missing
2021-04-15T02:33:10.164,991,4,MO,-1,missing,missing,missing
2021-04-15T02:33:10.164,990,153,LO,1,missing,missing,missing
2021-04-15T02:33:10.164,990,81,MO,-1,missing,missing,missing
2021-04-15T02:33:10.164,990,72,LO,1,missing,missing,missing
2021-04-15T02:33:10.164,990,72,MO,-1,missing,missing,missing
2021-04-15T02:33:10.164,989,132,LO,1,missing,missing,missing
2021-04-15T02:33:10.164,989,132,MO,-1,missing,missing,missing
2021-04-15T02:33:10.164,988,102,LO,1,missing,missing,missing
2021-04-15T02:33:10.164,988,39,MO,-1,missing,missing,missing
2021-04-15T02:33:10.164,988,63,LO,1,missing,missing,missing
2021-04-15T02:33:10.164,988,63,MO,-1,missing,missing,missing
2021-04-15T02:33:10.164,987,25,LO,1,missing,missing,missing
2021-04-15T02:33:10.164,987,25,MO,-1,missing,missing,missing
2021-04-15T02:33:10.164,missing,missing,LO,1,missing,missing,missing
2021-04-15T02:33:10.578,997,24,LO,-1,missing,missing,missing
2021-04-15T02:33:11.143,996,280,LO,1,996.5,996.078947368421,1.0
2021-04-15T02:33:11.569,996,51,MO,-1,missing,missing,missing
2021-04-15T02:33:11.569,996,229,LO,1,996.0,996.0,0.0
2021-04-15T02:33:12.429,996,35,MO,-1,missing,missing,missing
2021-04-15T02:33:12.429,996,194,LO,1,996.0,996.0,0.0
2021-04-15T02:33:12.529,missing,missing,OC,-1,missing,missing,missing
2021-04-15T02:33:19.578,996,194,MO,-1,missing,missing,missing
2021-04-15T02:33:19.578,missing,missing,LO,1,missing,missing,missing
2021-04-15T02:33:31.336,1002,21,LO,-1,missing,missing,missing
2021-04-15T02:33:35.494,missing,missing,OC,-1,missing,missing,missing
2021-04-15T02:33:37.003,1001,22,LO,-1,missing,missing,missing
2021-04-15T02:33:41.359,993,53,LO,1,997.0,995.3466666666667,8.0
2021-04-15T02:33:42.271,1000,4091,LO,-1,996.5,999.910472972973,7.0
2021-04-15T02:33:47.769,993,53,MO,-1,missing,missing,missing
2021-04-15T02:33:47.769,992,337,LO,1,996.0,999.3911472448058,8.0
2021-04-15T02:33:47.769,992,29,MO,-1,missing,missing,missing
2021-04-15T02:33:47.769,992,308,LO,1,996.0,999.4398726983405,8.0
2021-04-15T02:33:47.769,992,308,MO,-1,missing,missing,missing
2021-04-15T02:33:47.769,missing,missing,LO,1,missing,missing,missing
2021-04-15T02:33:49.705,1001,6742,OC,-1,missing,missing,missing
2021-04-15T02:33:49.782,1001,22,MO,1,missing,missing,missing
2021-04-15T02:33:49.782,1001,6720,LO,-1,missing,missing,missing
2021-04-15T02:33:49.782,1001,37,MO,1,missing,missing,missing
2021-04-15T02:33:49.782,1001,6683,LO,-1,missing,missing,missing
2021-04-15T02:33:51.687,1000,102,LO,-1,missing,missing,missing
2021-04-15T02:33:52.199,999,35,LO,-1,missing,missing,missing
2021-04-15T02:33:53.495,992,30,LO,1,995.5,995.7692307692307,7.0
2021-04-15T02:33:55.499,993,44,LO,1,996.0,995.6582278481013,6.0
2021-04-15T02:34:02.234,1000,61,OC,-1,996.5,997.0666666666667,7.0
2021-04-15T02:34:02.493,994,25,LO,1,997.0,998.2558139534884,6.0
2021-04-15T02:34:06.175,missing,missing,OC,1,missing,missing,missing
2021-04-15T02:34:06.484,998,59,LO,1,999.0,999.0166666666667,2.0
2021-04-15T02:34:06.575,999,24,LO,-1,998.5,998.289156626506,1.0
2021-04-15T02:34:08.466,999,24,MO,1,missing,missing,missing
2021-04-15T02:34:08.466,1000,61,LO,-1,999.5,999.1783625730994,1.0
2021-04-15T02:34:08.466,999,257,CLO,1,999.5,999.1918238993711,1.0
2021-04-15T02:34:09.387,1000,33,MO,1,missing,missing,missing
2021-04-15T02:34:09.387,1000,28,LO,-1,1000.0,1000.0,0.0
2021-04-15T02:34:09.7,999,257,MO,-1,missing,missing,missing
2021-04-15T02:34:09.7,998,59,LO,1,998.5,998.9411177644711,1.0
2021-04-15T02:34:09.7,999,686,CLO,-1,998.5,998.9208053691275,1.0
2021-04-15T02:34:09.852,999,36,MO,1,missing,missing,missing
2021-04-15T02:34:09.852,999,650,LO,-1,999.0,999.0,0.0
2021-04-15T02:34:10.175,999,239,MO,1,missing,missing,missing
2021-04-15T02:34:10.175,999,411,LO,-1,998.5,998.8744680851064,1.0
2021-04-15T02:34:10.263,1000,28,OC,-1,999.0,998.6436781609195,2.0
2021-04-15T02:34:11.537,999,44,LO,-1,998.5,998.4271844660194,1.0
2021-04-15T02:34:12.705,1000,62,OC,-1,999.0,999.0247933884298,2.0
2021-04-15T02:34:13.193,997,95,OC,1,998.5,998.1847133757962,3.0
2021-04-15T02:34:13.75,998,46,LO,1,999.0,999.1481481481482,2.0
2021-04-15T02:34:14.129,999,232,LO,1,999.5,999.2108843537414,1.0
2021-04-15T02:34:14.652,999,30,MO,-1,missing,missing,missing
2021-04-15T02:34:14.652,999,202,LO,1,999.0,999.0,0.0
2021-04-15T02:34:15.605,1000,28,MO,1,missing,missing,missing
2021-04-15T02:34:15.605,1000,34,LO,-1,999.5,999.1440677966102,1.0
2021-04-15T02:34:15.605,1000,34,MO,1,missing,missing,missing
2021-04-15T02:34:15.605,missing,missing,LO,-1,missing,missing,missing
2021-04-15T02:34:16.893,1004,144,LO,-1,1001.5,1001.0809248554913,5.0
2021-04-15T02:34:17.792,1003,30,LO,-1,1001.0,999.5172413793103,4.0
2021-04-15T02:34:18.107,998,46,OC,1,1000.5,999.9736842105264,5.0
2021-04-15T02:34:18.638,997,95,OC,1,1000.0,998.44,6.0
2021-04-15T02:34:19.629,1004,144,OC,-1,1000.5,1001.2175732217573,7.0
2021-04-15T02:34:20.317,997,44,MO,-1,missing,missing,missing
2021-04-15T02:34:20.317,997,51,LO,1,1000.5,1002.1692307692308,7.0
2021-04-15T02:34:20.317,997,8,MO,-1,missing,missing,missing
2021-04-15T02:34:20.317,997,43,LO,1,1000.5,1002.3903743315508,7.0
2021-04-15T02:34:20.343,997,43,MO,-1,missing,missing,missing
2021-04-15T02:34:20.343,missing,missing,LO,1,missing,missing,missing
2021-04-15T02:34:20.607,1003,28,LO,1,1003.5,1003.8372093023256,1.0
2021-04-15T02:34:21.456,1003,28,MO,-1,missing,missing,missing
2021-04-15T02:34:21.456,missing,missing,LO,1,missing,missing,missing
2021-04-15T02:34:21.456,1003,60885,CLO,-1,missing,missing,missing
2021-04-15T02:34:23.079,995,46,LO,1,999.0,1002.993960381415,8.0
2021-04-15T02:34:25.564,1002,24,LO,-1,998.5,997.4,7.0
2021-04-15T02:34:31.172,1003,60885,OC,-1,999.0,1002.993960381415,8.0
2021-04-15T02:34:34.092,1003,563,MO,1,missing,missing,missing
2021-04-15T02:34:34.092,1003,60322,LO,-1,999.0,1002.9939040551285,8.0
2021-04-15T02:34:35.821,1002,21,LO,-1,998.5,997.1940298507462,7.0
2021-04-15T02:34:37.745,1002,21,MO,1,missing,missing,missing
2021-04-15T02:34:37.745,1003,60402,LO,-1,999.0,1002.9939121228163,8.0
2021-04-15T02:34:37.745,1003,77,MO,1,missing,missing,missing
2021-04-15T02:34:37.745,1003,60325,LO,-1,999.0,1002.9939043580528,8.0
2021-04-15T02:34:38.854,1002,24,LO,-1,998.5,997.4,7.0
2021-04-15T02:34:39.971,1001,37,LO,-1,998.0,997.6746987951807,6.0
2021-04-15T02:34:41.244,missing,missing,OC,1,missing,missing,missing
2021-04-15T02:34:42.17,1001,37,MO,1,missing,missing,missing
2021-04-15T02:34:42.17,1002,72,LO,-1,missing,missing,missing
2021-04-15T02:34:42.17,1002,24,MO,1,missing,missing,missing
2021-04-15T02:34:42.17,1002,48,LO,-1,missing,missing,missing
2021-04-15T02:34:42.17,1002,48,MO,1,missing,missing,missing
2021-04-15T02:34:42.17,1003,60279,LO,-1,missing,missing,missing
2021-04-15T02:34:42.17,1003,93,MO,1,missing,missing,missing
2021-04-15T02:34:42.17,1003,60186,LO,-1,missing,missing,missing
2021-04-15T02:34:42.701,994,242,LO,1,998.5,1002.9639571059773,9.0
2021-04-15T02:34:42.978,994,51,MO,-1,missing,missing,missing
2021-04-15T02:34:42.978,994,191,LO,1,998.5,1002.9715288934528,9.0
2021-04-15T02:34:43.393,995,344,LO,1,999.0,1002.9545349413514,8.0
2021-04-15T02:34:45.668,1002,45,LO,-1,998.5,995.8097686375321,7.0
2021-04-15T02:34:45.783,missing,missing,OC,1,missing,missing,missing
2021-04-15T02:34:46.421,1001,313,LO,-1,missing,missing,missing
2021-04-15T02:34:49.517,992,373,LO,1,996.5,996.1064139941691,9.0
2021-04-15T02:34:50.339,993,82,LO,1,997.0,999.3392405063291,8.0
2021-04-15T02:34:52.917,994,249,LO,1,997.5,997.8985765124555,7.0
2021-04-15T02:34:54.462,995,115,LO,1,998.0,999.3878504672897,6.0
2021-04-15T02:34:55.288,996,28,LO,1,998.5,1000.5894428152493,5.0
2021-04-15T02:34:55.569,995,115,OC,1,998.0,999.3878504672897,6.0
2021-04-15T02:34:56.451,994,292,OC,1,997.5,997.6214876033058,7.0
2021-04-15T02:34:57.923,1002,1962,OC,-1,998.0,1000.9636202307009,8.0
2021-04-15T02:34:58.337,1001,56,LO,-1,997.5,995.1264367816092,7.0
2021-04-15T02:35:00.876,1000,71,LO,-1,997.0,995.1735537190083,6.0
2021-04-15T02:35:03.423,1001,56,OC,-1,997.5,995.1264367816092,7.0
2021-04-15T02:35:04.642,994,249,OC,1,997.5,995.2852459016393,7.0
2021-04-15T02:35:07.913,1000,2846,LO,-1,997.0,999.5172859450727,6.0
2021-04-15T02:35:08.537,993,50,OC,1,996.5,999.8791436464088,7.0
2021-04-15T02:35:08.968,999,141,LO,-1,996.0,997.4293193717277,6.0
2021-04-15T02:35:13.015,999,65,MO,1,missing,missing,missing
2021-04-15T02:35:13.015,999,76,LO,-1,996.0,996.6190476190476,6.0
2021-04-15T02:35:14.518,1000,2872,OC,-1,996.5,999.8802190280629,7.0
2021-04-15T02:35:22.39,999,70,LO,-1,996.0,996.5,6.0
2021-04-15T02:35:28.613,992,108,OC,1,995.5,994.7528089887641,7.0
2021-04-15T02:35:29.134,992,108,MO,-1,missing,missing,missing
2021-04-15T02:35:29.134,missing,missing,LO,1,missing,missing,missing
2021-04-15T02:35:30.252,998,33,LO,-1,missing,missing,missing
2021-04-15T02:35:31.147,997,66,LO,-1,missing,missing,missing
2021-04-15T02:35:31.79,987,22,LO,1,992.0,994.5,10.0
2021-04-15T02:35:33.768,998,33,OC,-1,992.5,993.6,11.0
2021-04-15T02:35:49.562,988,23,LO,1,993.0,993.8928571428571,10.0
2021-04-15T02:36:01.677,999,70,OC,-1,993.5,996.2795698924731,11.0
2021-04-15T02:36:09.043,1000,3164,OC,-1,994.0,999.9133981801067,12.0
2021-04-15T02:36:11.654,989,25,LO,1,994.5,999.9137660708686,11.0
2021-04-15T02:36:13.348,1000,79,MO,1,missing,missing,missing
2021-04-15T02:36:13.348,1000,3085,LO,-1,994.5,999.9115755627009,11.0
2021-04-15T02:36:15.753,1000,259,MO,1,missing,missing,missing
2021-04-15T02:36:15.753,1000,2826,LO,-1,994.5,999.9035426166257,11.0
2021-04-15T02:36:16.193,989,25,MO,-1,missing,missing,missing
2021-04-15T02:36:16.193,988,23,LO,1,994.0,999.9031239031239,12.0
2021-04-15T02:36:16.193,988,23,MO,-1,missing,missing,missing
2021-04-15T02:36:16.193,987,19027,LO,1,993.5,988.6811421772754,13.0
2021-04-15T02:36:16.193,987,155,MO,-1,missing,missing,missing
2021-04-15T02:36:16.193,987,18872,LO,1,993.5,988.6931514425293,13.0
2021-04-15T02:36:17.665,1000,318,OC,-1,993.5,987.2154247003648,13.0
2021-04-15T02:36:20.143,987,56,MO,-1,missing,missing,missing
2021-04-15T02:36:20.143,987,18816,LO,1,993.5,987.2160551897147,13.0
2021-04-15T02:36:21.688,988,33,LO,1,994.0,998.8717948717949,12.0
2021-04-15T02:36:24.468,999,29,LO,-1,993.5,993.1451612903226,11.0
2021-04-15T02:36:28.892,1000,318,OC,-1,994.0,998.8717948717949,12.0
2021-04-15T02:36:30.312,1000,26,MO,1,missing,missing,missing
2021-04-15T02:36:30.312,1000,292,LO,-1,994.0,998.7815384615385,12.0
2021-04-15T02:36:30.312,1000,34,MO,1,missing,missing,missing
2021-04-15T02:36:30.312,1000,258,LO,-1,994.0,998.639175257732,12.0
2021-04-15T02:36:30.908,999,319,LO,-1,993.5,997.96875,11.0
2021-04-15T02:36:31.397,998,52,LO,-1,993.0,994.1176470588235,10.0
2021-04-15T02:36:40.825,997,36,LO,-1,992.5,992.695652173913,9.0
2021-04-15T02:36:42.247,996,45,LO,-1,992.0,992.6153846153846,8.0
2021-04-15T02:36:42.727,987,18871,OC,1,991.5,987.0214104461832,9.0
2021-04-15T02:36:47.105,988,40,LO,1,992.0,992.2352941176471,8.0
2021-04-15T02:36:47.541,989,63,LO,1,992.5,991.9166666666666,7.0
2021-04-15T02:36:52.251,997,74,OC,-1,993.0,993.3211678832117,8.0
2021-04-15T02:37:10.792,990,20,LO,1,993.5,995.5106382978723,7.0
2021-04-15T02:37:12.006,990,20,MO,-1,missing,missing,missing
2021-04-15T02:37:12.006,989,63,LO,1,993.0,993.3211678832117,8.0
2021-04-15T02:37:12.006,989,35,MO,-1,missing,missing,missing
2021-04-15T02:37:12.006,989,28,LO,1,993.0,994.8039215686274,8.0
2021-04-15T02:37:14.132,997,36,MO,1,missing,missing,missing
2021-04-15T02:37:14.132,997,38,LO,-1,993.0,993.6060606060606,8.0
2021-04-15T02:37:14.132,997,38,MO,1,missing,missing,missing
2021-04-15T02:37:14.132,998,302,LO,-1,993.5,997.2363636363636,9.0
2021-04-15T02:37:14.132,998,30,MO,1,missing,missing,missing
2021-04-15T02:37:14.132,998,272,LO,-1,993.5,997.16,9.0
2021-04-15T02:37:17.346,988,180,OC,1,993.0,994.0176991150443,10.0
2021-04-15T02:37:22.905,988,40,MO,-1,missing,missing,missing
2021-04-15T02:37:22.905,988,140,LO,1,993.0,994.6019417475728,10.0
2021-04-15T02:37:22.905,988,140,MO,-1,missing,missing,missing
2021-04-15T02:37:22.905,987,180,LO,1,992.5,993.6194690265487,11.0
2021-04-15T02:37:22.905,987,129,MO,-1,missing,missing,missing
2021-04-15T02:37:22.905,987,51,LO,1,992.5,996.2631578947369,11.0
2021-04-15T02:37:22.905,987,51,MO,-1,missing,missing,missing
2021-04-15T02:37:22.905,missing,missing,LO,1,missing,missing,missing
2021-04-15T02:37:23.681,997,109,LO,1,997.5,997.7139107611548,1.0
2021-04-15T02:37:25.796,998,250,OC,-1,997.5,997.6963788300835,1.0
2021-04-15T02:37:26.972,999,85,OC,-1,998.0,997.8762886597938,2.0
2021-04-15T02:37:28.915,999,85,MO,1,missing,missing,missing
2021-04-15T02:37:28.915,1000,258,LO,-1,998.5,999.1089918256131,3.0
2021-04-15T02:37:28.915,1000,258,MO,1,missing,missing,missing
2021-04-15T02:37:28.915,1001,280,LO,-1,999.0,999.879177377892,4.0
2021-04-15T02:37:28.915,1001,56,MO,1,missing,missing,missing
2021-04-15T02:37:28.915,1001,224,LO,-1,999.0,999.6906906906906,4.0
2021-04-15T02:37:28.915,1001,20,MO,1,missing,missing,missing
2021-04-15T02:37:28.915,1001,204,LO,-1,999.0,999.6070287539936,4.0
2021-04-15T02:37:28.915,1001,28,MO,1,missing,missing,missing
2021-04-15T02:37:28.915,1001,176,LO,-1,999.0,999.4701754385965,4.0
2021-04-15T02:37:28.915,1001,176,MO,1,missing,missing,missing
2021-04-15T02:37:28.915,missing,missing,LO,-1,missing,missing,missing
2021-04-15T02:37:29.403,997,109,MO,-1,missing,missing,missing
2021-04-15T02:37:29.403,missing,missing,LO,1,missing,missing,missing
2021-04-15T02:37:31.139,1006,238,LO,-1,missing,missing,missing
2021-04-15T02:37:32.355,996,76,LO,1,1001.0,1003.5796178343949,10.0
2021-04-15T02:37:32.467,missing,missing,OC,-1,missing,missing,missing
2021-04-15T02:37:34.899,1005,20,LO,-1,1000.5,997.875,9.0
2021-04-15T02:37:36.231,997,24,LO,1,1001.0,1000.6363636363636,8.0
2021-04-15T02:37:37.378,996,76,OC,1,1000.5,997.875,9.0
2021-04-15T02:37:38.606,996,56,MO,-1,missing,missing,missing
2021-04-15T02:37:38.606,996,20,LO,1,1000.5,1000.5,9.0
2021-04-15T02:37:39.872,1004,52,LO,-1,1000.0,1001.7777777777778,8.0
2021-04-15T02:37:40.559,997,26,LO,1,1000.5,1001.6666666666666,7.0
2021-04-15T02:37:41.101,996,20,OC,1,1000.0,1001.7777777777778,8.0
2021-04-15T02:37:43.643,1003,591,LO,-1,999.5,1002.7708674304419,7.0
2021-04-15T02:37:46.461,1002,40,LO,-1,999.0,1000.0,6.0
2021-04-15T02:37:46.881,1001,30,LO,-1,998.5,999.0,5.0
2021-04-15T02:37:47.039,1002,40,OC,-1,999.0,1000.0,6.0
2021-04-15T02:37:47.979,1003,591,OC,-1,999.5,1002.7708674304419,7.0
2021-04-15T02:37:48.946,1003,288,MO,1,missing,missing,missing
2021-04-15T02:37:48.946,1003,303,LO,-1,999.5,1002.5665634674923,7.0
2021-04-15T02:37:52.036,996,20,MO,-1,missing,missing,missing
2021-04-15T02:37:52.036,995,1470,LO,1,999.0,996.3671742808799,8.0
2021-04-15T02:37:52.036,995,30,MO,-1,missing,missing,missing
2021-04-15T02:37:52.036,995,1440,LO,1,999.0,996.3907056798623,8.0
2021-04-15T02:37:53.573,1002,349,LO,-1,998.5,996.3655673560648,7.0
2021-04-15T02:37:54.546,996,95,LO,1,999.0,1000.7162162162163,6.0
2021-04-15T02:37:58.8,1001,21,LO,-1,998.5,996.9051724137931,5.0
2021-04-15T02:38:07.582,996,81,MO,-1,missing,missing,missing
2021-04-15T02:38:07.582,996,14,LO,1,998.5,999.0,5.0
2021-04-15T02:38:08.524,996,14,MO,-1,missing,missing,missing
2021-04-15T02:38:08.524,995,1440,LO,1,998.0,995.0862422997947,6.0
2021-04-15T02:38:08.524,995,28,MO,-1,missing,missing,missing
2021-04-15T02:38:08.524,995,1412,LO,1,998.0,995.0879274249826,6.0
2021-04-15T02:38:08.524,995,1164,MO,-1,missing,missing,missing
2021-04-15T02:38:08.524,995,248,LO,1,998.0,995.4684014869888,6.0
2021-04-15T02:38:09.367,1001,21,MO,1,missing,missing,missing
2021-04-15T02:38:09.367,1002,382,LO,-1,998.5,999.2444444444444,7.0
2021-04-15T02:38:09.367,1002,124,MO,1,missing,missing,missing
2021-04-15T02:38:09.367,1002,258,LO,-1,998.5,998.5691699604743,7.0
2021-04-15T02:38:12.994,995,188,OC,1,998.5,999.0493273542601,7.0
2021-04-15T02:38:26.407,1001,187,LO,-1,998.0,997.992,6.0
2021-04-15T02:38:27.355,1000,26,LO,-1,997.5,995.607476635514,5.0
2021-04-15T02:38:27.513,999,29,LO,-1,997.0,995.5345622119816,4.0
2021-04-15T02:38:28.218,995,61,MO,-1,missing,missing,missing
2021-04-15T02:38:28.218,995,127,LO,1,997.0,995.7435897435897,4.0
2021-04-15T02:38:30.262,1000,26,OC,-1,997.5,995.8496732026143,5.0
2021-04-15T02:38:33.924,995,50,MO,-1,missing,missing,missing
2021-04-15T02:38:33.924,995,77,LO,1,997.5,996.2621359223301,5.0
2021-04-15T02:38:35.416,995,77,MO,-1,missing,missing,missing
2021-04-15T02:38:35.416,missing,missing,LO,1,missing,missing,missing
2021-04-15T02:38:41.046,993,103,LO,1,996.5,994.4108527131783,7.0
2021-04-15T02:38:42.547,994,51,LO,1,997.0,996.025974025974,6.0
2021-04-15T02:38:44.652,994,51,MO,-1,missing,missing,missing
2021-04-15T02:38:44.652,993,103,LO,1,996.5,994.4108527131783,7.0
2021-04-15T02:38:44.652,993,20,MO,-1,missing,missing,missing
2021-04-15T02:38:44.652,993,83,LO,1,996.5,994.6697247706422,7.0
2021-04-15T02:38:45.279,992,420,OC,1,996.0,992.4663677130045,8.0
2021-04-15T02:38:45.428,999,23,LO,-1,995.5,992.3634311512416,7.0
2021-04-15T02:38:56.188,999,23,MO,1,missing,missing,missing
2021-04-15T02:38:56.188,1000,26,LO,-1,996.0,992.4663677130045,8.0
2021-04-15T02:38:56.188,1000,26,MO,1,missing,missing,missing
2021-04-15T02:38:56.188,1001,267,LO,-1,996.5,995.4978165938865,9.0
2021-04-15T02:38:56.188,1001,44,MO,1,missing,missing,missing
2021-04-15T02:38:56.188,1001,223,LO,-1,996.5,995.1213063763608,9.0
2021-04-15T02:38:57.886,993,113,LO,1,997.0,998.3095238095239,8.0
2021-04-15T02:39:00.531,1000,60,LO,-1,996.5,995.4277456647399,7.0
2021-04-15T02:39:05.739,992,459,OC,1,996.0,992.9248554913295,8.0
2021-04-15T02:39:06.626,999,80,LO,-1,995.5,993.038961038961,7.0
2021-04-15T02:39:07.146,1000,1734,OC,-1,996.0,998.3255813953489,8.0
2021-04-15T02:39:10.337,992,39,OC,1,996.0,999.824027072758,8.0
2021-04-15T02:39:12.6,999,24,LO,-1,995.5,994.6666666666666,7.0
2021-04-15T02:39:14.947,993,42,LO,1,996.0,995.1818181818181,6.0
2021-04-15T02:39:15.768,1000,1734,OC,-1,996.5,999.8344594594595,7.0
2021-04-15T02:39:16.687,994,25,LO,1,997.0,999.9147242751563,6.0
2021-04-15T02:39:19.442,999,24,LO,-1,996.5,996.4489795918367,5.0
2021-04-15T02:39:20.797,994,25,MO,-1,missing,missing,missing
2021-04-15T02:39:20.797,993,42,LO,1,996.0,995.1818181818181,6.0
2021-04-15T02:39:20.797,993,27,MO,-1,missing,missing,missing
2021-04-15T02:39:20.797,993,15,LO,1,996.0,996.6923076923077,6.0
2021-04-15T02:39:21.376,998,36,LO,-1,995.5,996.5294117647059,5.0
2021-04-15T02:39:21.377,998,36,MO,1,missing,missing,missing
2021-04-15T02:39:21.377,999,24,LO,-1,996.0,996.6923076923077,6.0
2021-04-15T02:39:21.377,999,24,MO,1,missing,missing,missing
2021-04-15T02:39:21.377,1000,1674,LO,-1,996.5,999.9378330373002,7.0
2021-04-15T02:39:21.927,993,15,MO,-1,missing,missing,missing
2021-04-15T02:39:21.927,992,39,LO,1,996.0,999.8178633975482,8.0
2021-04-15T02:39:21.927,992,39,MO,-1,missing,missing,missing
2021-04-15T02:39:21.927,991,81,LO,1,995.5,999.5846153846154,9.0
2021-04-15T02:39:21.927,991,33,MO,-1,missing,missing,missing
2021-04-15T02:39:21.927,991,48,LO,1,995.5,999.7491289198606,9.0
2021-04-15T02:39:21.927,991,20,MO,-1,missing,missing,missing
2021-04-15T02:39:21.927,991,28,LO,1,995.5,999.8519388954171,9.0
2021-04-15T02:39:21.927,991,28,MO,-1,missing,missing,missing
2021-04-15T02:39:21.927,missing,missing,LO,1,missing,missing,missing
2021-04-15T02:39:23.454,997,22,LO,1,998.5,999.9610849056604,3.0
2021-04-15T02:39:24.176,998,65,LO,1,999.0,999.9252443933295,2.0
2021-04-15T02:39:26.432,999,41,LO,1,999.5,999.9760932944606,1.0
2021-04-15T02:39:26.703,1001,439,OC,-1,1000.0,1000.8291666666667,2.0
2021-04-15T02:39:28.099,998,91,OC,1,999.5,1000.4849056603773,3.0
2021-04-15T02:39:28.285,1000,791,LO,-1,999.0,999.7936507936508,2.0
2021-04-15T02:39:28.326,999,61,LO,-1,998.5,998.4013157894736,1.0
2021-04-15T02:39:28.331,998,20,MO,-1,missing,missing,missing
2021-04-15T02:39:28.331,998,71,LO,1,998.0,998.0,0.0
2021-04-15T02:39:31.341,999,61,MO,1,missing,missing,missing
2021-04-15T02:39:31.341,1000,1086,LO,-1,999.0,999.8772687986171,2.0
2021-04-15T02:39:31.341,1000,7,MO,1,missing,missing,missing
2021-04-15T02:39:31.341,1000,1079,LO,-1,999.0,999.8765217391305,2.0
2021-04-15T02:39:32.461,999,128,LO,-1,998.5,998.643216080402,1.0
2021-04-15T02:39:32.681,998,45,OC,1,998.5,998.7398843930636,1.0
2021-04-15T02:39:35.063,999,95,MO,1,missing,missing,missing
2021-04-15T02:39:35.063,999,33,LO,-1,999.0,999.0,0.0
2021-04-15T02:39:38.251,998,45,MO,-1,missing,missing,missing
2021-04-15T02:39:38.251,997,281,LO,1,997.5,997.2062146892655,1.0
2021-04-15T02:39:38.251,998,28,CLO,-1,997.5,997.0906148867314,1.0
2021-04-15T02:39:38.287,998,28,MO,1,missing,missing,missing
2021-04-15T02:39:38.287,999,33,LO,-1,998.0,997.2101910828026,2.0
2021-04-15T02:39:38.287,999,33,MO,1,missing,missing,missing
2021-04-15T02:39:38.287,1000,1160,LO,-1,998.5,999.4149895905621,3.0
2021-04-15T02:39:41.189,998,57,LO,1,999.0,999.9063270336894,2.0
2021-04-15T02:39:46.692,1000,1132,OC,-1,999.0,999.9041211101767,2.0
2021-04-15T02:39:50.356,999,26,LO,-1,998.5,998.3132530120482,1.0
2021-04-15T02:39:55.61,998,57,MO,-1,missing,missing,missing
2021-04-15T02:39:55.61,997,222,LO,1,997.5,997.763829787234,1.0
2021-04-15T02:39:55.61,998,661,CLO,-1,997.5,997.7485843714609,1.0
2021-04-15T02:39:57.677,997,154,OC,1,997.5,997.8110429447853,1.0
2021-04-15T02:39:59.702,997,22,MO,-1,missing,missing,missing
2021-04-15T02:39:59.702,997,132,LO,1,997.0,997.0,0.0
2021-04-15T02:39:59.702,997,19,MO,-1,missing,missing,missing
2021-04-15T02:39:59.702,997,113,LO,1,997.0,997.0,0.0
2021-04-15T02:40:05.933,997,12,MO,-1,missing,missing,missing
2021-04-15T02:40:05.933,997,101,LO,1,997.0,997.0,0.0
2021-04-15T02:40:05.933,997,17,MO,-1,missing,missing,missing
2021-04-15T02:40:05.933,997,84,LO,1,997.0,997.0,0.0
2021-04-15T02:40:24.569,998,55,MO,1,missing,missing,missing
2021-04-15T02:40:24.569,998,606,LO,-1,997.5,997.8782608695652,1.0
2021-04-15T02:40:38.656,999,73,OC,-1,998.0,997.9299363057324,2.0
2021-04-15T02:40:42.94,996,67,OC,1,997.5,997.5642857142857,3.0
2021-04-15T02:40:55.096,998,22,LO,-1,997.0,996.4943820224719,2.0
2021-04-15T02:40:57.63,998,22,MO,1,missing,missing,missing
2021-04-15T02:40:57.63,999,142,LO,-1,997.5,998.0382775119617,3.0
2021-04-15T02:40:57.63,999,26,MO,1,missing,missing,missing
2021-04-15T02:40:57.63,999,116,LO,-1,997.5,997.9016393442623,3.0
2021-04-15T02:40:57.63,999,7,MO,1,missing,missing,missing
2021-04-15T02:40:57.63,999,109,LO,-1,997.5,997.8579545454545,3.0
2021-04-15T02:40:59.106,998,22,LO,-1,997.0,996.4943820224719,2.0
2021-04-15T02:40:59.413,998,22,MO,1,missing,missing,missing
2021-04-15T02:40:59.413,999,109,LO,-1,997.5,997.8579545454545,3.0
2021-04-15T02:40:59.413,999,17,MO,1,missing,missing,missing
2021-04-15T02:40:59.413,999,92,LO,-1,997.5,997.7358490566038,3.0
2021-04-15T02:40:59.413,999,23,MO,1,missing,missing,missing
2021-04-15T02:40:59.413,999,69,LO,-1,997.5,997.5220588235294,3.0
2021-04-15T02:40:59.413,999,19,MO,1,missing,missing,missing
2021-04-15T02:40:59.413,999,50,LO,-1,997.5,997.2820512820513,3.0
2021-04-15T02:41:01.497,996,25,MO,-1,missing,missing,missing
2021-04-15T02:41:01.497,996,42,LO,1,997.5,997.6304347826087,3.0
2021-04-15T02:41:01.497,996,42,MO,-1,missing,missing,missing
2021-04-15T02:41:01.497,995,135,LO,1,997.0,996.081081081081,4.0
2021-04-15T02:41:01.497,995,16,MO,-1,missing,missing,missing
2021-04-15T02:41:01.497,995,119,LO,1,997.0,996.1834319526628,4.0
2021-04-15T02:41:02.712,998,88,LO,-1,996.5,996.2753623188406,3.0
2021-04-15T02:41:06.339,997,29,LO,-1,996.0,995.3918918918919,2.0
2021-04-15T02:41:06.74,995,18,OC,1,996.0,996.2340425531914,2.0
2021-04-15T02:41:07.04,996,591,LO,1,996.5,996.0467741935483,1.0
2021-04-15T02:41:08.195,996,22,MO,-1,missing,missing,missing
2021-04-15T02:41:08.195,996,569,LO,1,996.0,996.0,0.0
2021-04-15T02:41:08.646,995,18,OC,1,996.0,996.2340425531914,2.0
2021-04-15T02:41:09.166,996,48,LO,-1,995.5,995.7272727272727,1.0
2021-04-15T02:41:09.171,997,29,OC,-1,996.0,996.2340425531914,2.0
2021-04-15T02:41:09.598,994,133,OC,1,995.5,994.5370370370371,3.0
2021-04-15T02:41:10.53,995,114,LO,1,996.0,995.4055944055945,2.0
2021-04-15T02:41:11.448,996,44,LO,-1,995.5,995.2784810126582,1.0
2021-04-15T02:41:11.684,997,29,OC,-1,996.0,995.4055944055945,2.0
2021-04-15T02:41:12.739,997,29,MO,1,missing,missing,missing
2021-04-15T02:41:12.739,998,88,LO,-1,996.5,996.3069306930693,3.0
2021-04-15T02:41:12.739,998,71,MO,1,missing,missing,missing
2021-04-15T02:41:12.739,998,17,LO,-1,996.5,995.3893129770993,3.0
2021-04-15T02:41:15.736,994,130,OC,1,996.0,994.4625850340136,4.0
2021-04-15T02:41:15.952,999,34,OC,-1,996.5,995.0365853658536,5.0
2021-04-15T02:41:17.837,995,45,LO,1,997.0,996.7215189873418,4.0
2021-04-15T02:41:21.914,998,108,LO,-1,996.5,997.1176470588235,3.0
2021-04-15T02:41:26.1,999,34,OC,-1,997.0,996.7215189873418,4.0
2021-04-15T02:41:29.06,994,831,OC,1,996.5,994.1965317919075,5.0
2021-04-15T02:41:31.343,995,165,LO,1,997.0,995.6834170854271,4.0
2021-04-15T02:41:32.638,999,34,MO,1,missing,missing,missing
2021-04-15T02:41:32.638,1000,395,LO,-1,997.5,998.5267857142857,5.0
2021-04-15T02:41:32.638,1000,38,MO,1,missing,missing,missing
2021-04-15T02:41:32.638,1000,357,LO,-1,997.5,998.419540229885,5.0
2021-04-15T02:41:32.857,994,831,OC,1,997.0,995.8030303030303,6.0
2021-04-15T02:41:35.833,995,35,LO,1,997.5,999.5535714285714,5.0
2021-04-15T02:41:37.376,995,35,MO,-1,missing,missing,missing
2021-04-15T02:41:37.376,994,779,LO,1,997.0,995.8855633802817,6.0
2021-04-15T02:41:37.376,994,43,MO,-1,missing,missing,missing
2021-04-15T02:41:37.376,994,736,LO,1,997.0,995.9597438243367,6.0
2021-04-15T02:41:37.376,994,22,MO,-1,missing,missing,missing
2021-04-15T02:41:37.376,994,714,LO,1,997.0,996.0,6.0
2021-04-15T02:41:37.376,994,57,MO,-1,missing,missing,missing
2021-04-15T02:41:37.376,994,657,LO,1,997.0,996.112426035503,6.0
2021-04-15T02:41:37.809,1000,16,MO,1,missing,missing,missing
2021-04-15T02:41:37.809,1000,341,LO,-1,997.0,996.0501002004008,6.0
2021-04-15T02:41:37.809,1000,31,MO,1,missing,missing,missing
2021-04-15T02:41:37.809,1000,310,LO,-1,997.0,995.923474663909,6.0
2021-04-15T02:41:37.809,1000,125,MO,1,missing,missing,missing
2021-04-15T02:41:37.809,1000,185,LO,-1,997.0,995.3182897862233,6.0
2021-04-15T02:41:37.926,995,343,LO,1,997.5,996.751893939394,5.0
2021-04-15T02:41:39.055,996,61,LO,1,998.0,999.0081300813008,4.0
2021-04-15T02:41:39.099,995,343,OC,1,997.5,996.751893939394,5.0
2021-04-15T02:41:40.28,1000,32,MO,1,missing,missing,missing
2021-04-15T02:41:40.28,1000,153,LO,-1,997.5,996.5423387096774,5.0
2021-04-15T02:41:40.28,1000,61,MO,1,missing,missing,missing
2021-04-15T02:41:40.28,1000,92,LO,-1,997.5,996.0574712643678,5.0
2021-04-15T02:41:40.28,1000,92,MO,1,missing,missing,missing
2021-04-15T02:41:40.28,1001,123,LO,-1,998.0,996.5836909871244,6.0
2021-04-15T02:41:40.28,1001,3,MO,1,missing,missing,missing
2021-04-15T02:41:40.28,1001,120,LO,-1,998.0,996.5550755939524,6.0
2021-04-15T02:41:40.337,994,627,OC,1,997.5,995.1244979919679,7.0
2021-04-15T02:41:40.338,1001,59,MO,1,missing,missing,missing
2021-04-15T02:41:40.338,1001,61,LO,-1,997.5,994.6206395348837,7.0
2021-04-15T02:41:40.338,1001,61,MO,1,missing,missing,missing
2021-04-15T02:41:40.338,1003,211,LO,-1,998.5,996.2661097852028,9.0
