"SecurityId","OrderId","ClientOrderId","DateTime","Price","Volume","Side"
"1","1","1","2021-04-13 23:01:14.764","100","618","Sell"
"1","2","2","2021-04-13 23:01:23.586","98","62","Buy"
"1","3","3","2021-04-13 23:01:25.106","0","36","Sell"
"1","4","-2","2021-04-13 23:01:27.762","98","0","Buy"
"1","5","5","2021-04-13 23:01:28.041","99","37","Sell"
"1","6","6","2021-04-13 23:01:34.536","98","175","Sell"
"1","7","-5","2021-04-13 23:01:34.838","99","0","Sell"
"1","8","8","2021-04-13 23:01:37.547","88","50","Buy"
"1","9","9","2021-04-13 23:01:43.237","89","22","Buy"
"1","10","-6","2021-04-13 23:01:44.440","98","0","Sell"
"1","11","11","2021-04-13 23:01:46.551","101","21","Sell"
"1","12","12","2021-04-13 23:01:47.098","90","42","Buy"
"1","13","13","2021-04-13 23:01:47.143","99","122","Sell"
"1","14","14","2021-04-13 23:01:47.431","0","21","Sell"
"1","15","15","2021-04-13 23:01:49.018","98","28","Sell"
"1","16","16","2021-04-13 23:01:49.324","99","25","Sell"
"1","17","17","2021-04-13 23:01:49.772","89","37","Buy"
"1","18","18","2021-04-13 23:01:50.056","91","22","Buy"
"1","19","19","2021-04-13 23:01:53.635","97","54","Sell"
"1","20","20","2021-04-13 23:01:54.404","92","22","Buy"
"1","21","21","2021-04-13 23:01:55.503","91","53","Buy"
"1","22","22","2021-04-13 23:01:57.104","93","2235","Buy"
"1","23","23","2021-04-13 23:01:57.261","92","42","Buy"
"1","24","-23","2021-04-13 23:02:01.920","92","0","Buy"
"1","25","-22","2021-04-13 23:02:09.904","93","0","Buy"
"1","26","-1","2021-04-13 23:02:18.400","100","0","Sell"
"1","27","27","2021-04-13 23:02:21.295","0","138","Sell"
"1","28","-8","2021-04-13 23:02:22.896","88","0","Buy"
"1","29","-11","2021-04-13 23:02:23.015","101","0","Sell"
"1","30","-15","2021-04-13 23:02:25.203","98","0","Sell"
"1","31","-19","2021-04-13 23:02:26.288","97","0","Sell"
"1","32","34","2021-04-13 23:02:31.443","0","30","Sell"
"1","33","35","2021-04-13 23:02:32.318","88","171","Buy"
"1","34","36","2021-04-13 23:02:32.453","88","36","Buy"
"1","35","38","2021-04-13 23:02:34.553","100","47","Sell"
"1","36","-17","2021-04-13 23:02:35.975","89","0","Buy"
"1","37","40","2021-04-13 23:02:36.136","100","40","Sell"
"1","38","41","2021-04-13 23:02:37.404","89","64","Buy"
"1","39","42","2021-04-13 23:02:39.459","98","24","Sell"
"1","40","43","2021-04-13 23:02:40.540","97","31","Sell"
"1","41","-43","2021-04-13 23:02:41.113","97","0","Sell"
"1","42","45","2021-04-13 23:02:42.712","88","28","Buy"
"1","43","-38","2021-04-13 23:02:44.810","100","0","Sell"
"1","44","-41","2021-04-13 23:02:45.230","89","0","Buy"
"1","45","48","2021-04-13 23:02:45.526","87","53","Buy"
"1","46","-45","2021-04-13 23:02:45.955","88","0","Buy"
"1","47","50","2021-04-13 23:02:48.963","99","27","Sell"
"1","48","51","2021-04-13 23:02:49.460","99","22","Sell"
"1","49","52","2021-04-13 23:02:52.077","87","90","Buy"
"1","50","53","2021-04-13 23:02:53.323","0","48","Buy"
"1","51","54","2021-04-13 23:02:53.488","98","22","Sell"
"1","52","55","2021-04-13 23:02:53.886","0","29","Buy"
"1","53","56","2021-04-13 23:02:53.968","89","27","Buy"
"1","54","-40","2021-04-13 23:02:54.688","100","0","Sell"
"1","55","-48","2021-04-13 23:02:55.753","87","0","Buy"
"1","56","-35","2021-04-13 23:02:55.770","88","0","Buy"
"1","57","61","2021-04-13 23:02:58.007","90","55","Buy"
"1","58","62","2021-04-13 23:02:58.119","91","23","Buy"
"1","59","63","2021-04-13 23:02:58.715","98","62","Sell"
"1","60","64","2021-04-13 23:02:58.845","92","156","Buy"
"1","61","-61","2021-04-13 23:02:58.880","90","0","Buy"
"1","62","66","2021-04-13 23:02:59.294","0","26","Sell"
"1","63","67","2021-04-13 23:02:59.401","0","36","Buy"
"1","64","-13","2021-04-13 23:03:00.148","99","0","Sell"
"1","65","69","2021-04-13 23:03:00.442","91","24","Buy"
"1","66","-51","2021-04-13 23:03:00.463","99","0","Sell"
"1","67","71","2021-04-13 23:03:01.085","91","29","Buy"
"1","68","72","2021-04-13 23:03:01.697","97","117","Sell"
"1","69","-52","2021-04-13 23:03:01.808","87","0","Buy"
"1","70","74","2021-04-13 23:03:02.801","0","24","Buy"
"1","71","-72","2021-04-13 23:03:02.896","97","0","Sell"
"1","72","76","2021-04-13 23:03:03.463","99","28","Sell"
"1","73","77","2021-04-13 23:03:03.622","0","105","Sell"
"1","74","-64","2021-04-13 23:03:04.030","92","0","Buy"
"1","75","79","2021-04-13 23:03:04.387","99","39","Sell"
"1","76","80","2021-04-13 23:03:04.584","92","21","Buy"
"1","77","-63","2021-04-13 23:03:04.776","98","0","Sell"
"1","78","82","2021-04-13 23:03:05.598","98","26","Sell"
"1","79","83","2021-04-13 23:03:05.915","97","31","Sell"
"1","80","84","2021-04-13 23:03:06.131","96","62","Sell"
"1","81","85","2021-04-13 23:03:06.387","95","68","Sell"
"1","82","86","2021-04-13 23:03:06.445","96","25","Sell"
"1","83","-85","2021-04-13 23:03:08.191","95","0","Sell"
"1","84","88","2021-04-13 23:03:08.193","97","33","Sell"
"1","85","89","2021-04-13 23:03:08.223","95","97","Sell"
"1","86","-16","2021-04-13 23:03:09.021","99","0","Sell"
"1","87","-89","2021-04-13 23:03:09.695","95","0","Sell"
"1","88","92","2021-04-13 23:03:09.871","95","83","Sell"
"1","89","-82","2021-04-13 23:03:10.025","98","0","Sell"
"1","90","-80","2021-04-13 23:03:10.309","92","0","Buy"
"1","91","-36","2021-04-13 23:03:10.627","88","0","Buy"
"1","92","96","2021-04-13 23:03:11.414","90","220","Buy"
"1","93","-62","2021-04-13 23:03:11.644","91","0","Buy"
"1","94","-92","2021-04-13 23:03:11.850","95","0","Sell"
"1","95","-83","2021-04-13 23:03:12.551","97","0","Sell"
"1","96","100","2021-04-13 23:03:12.718","97","174","Sell"
"1","97","-88","2021-04-13 23:03:13.926","97","0","Sell"
"1","98","102","2021-04-13 23:03:14.004","95","47","Sell"
"1","99","103","2021-04-13 23:03:14.089","96","13418","Sell"
"1","100","104","2021-04-13 23:03:15.785","0","24","Sell"
"1","101","105","2021-04-13 23:03:16.117","96","23","Sell"
"1","102","106","2021-04-13 23:03:18.868","92","23","Buy"
"1","103","-50","2021-04-13 23:03:19.096","99","0","Sell"
"1","104","-106","2021-04-13 23:03:20.296","92","0","Buy"
"1","105","109","2021-04-13 23:03:20.713","92","46","Buy"
"1","106","110","2021-04-13 23:03:20.787","91","32","Buy"
"1","107","-56","2021-04-13 23:03:24.403","89","0","Buy"
"1","108","112","2021-04-13 23:03:26.073","93","20","Buy"
"1","109","113","2021-04-13 23:03:26.632","94","42","Buy"
"1","110","114","2021-04-13 23:03:26.714","93","105","Buy"
"1","111","115","2021-04-13 23:03:28.458","93","29","Buy"
"1","112","-102","2021-04-13 23:03:47.343","95","0","Sell"
"1","113","-113","2021-04-13 23:03:47.489","94","0","Buy"
"1","114","118","2021-04-13 23:03:51.034","92","21","Buy"
"1","115","119","2021-04-13 23:04:09.820","97","46","Sell"
"1","116","-118","2021-04-13 23:04:16.534","92","0","Buy"
"1","117","-79","2021-04-13 23:04:16.543","99","0","Sell"
"1","118","122","2021-04-13 23:04:17.569","94","125","Buy"
"1","119","123","2021-04-13 23:04:22.938","95","35","Sell"
"1","120","124","2021-04-13 23:04:23.046","93","99","Buy"
"1","121","125","2021-04-13 23:04:24.260","95","42","Buy"
"1","122","126","2021-04-13 23:04:24.494","0","58","Sell"
"1","123","127","2021-04-13 23:04:25.227","95","22","Buy"
"1","124","128","2021-04-13 23:04:26.855","95","45","Sell"
"1","125","129","2021-04-13 23:04:34.478","96","112","Sell"
"1","126","130","2021-04-13 23:04:35.602","0","445","Sell"
"1","127","131","2021-04-13 23:04:36.774","0","85","Buy"
"1","128","132","2021-04-13 23:04:36.932","91","27","Buy"
"1","129","133","2021-04-13 23:04:40.318","97","44","Sell"
"1","130","134","2021-04-13 23:04:45.015","0","202","Buy"
"1","131","135","2021-04-13 23:04:52.882","92","66","Buy"
"1","132","-133","2021-04-13 23:04:55.119","97","0","Sell"
"1","133","-135","2021-04-13 23:04:55.347","92","0","Buy"
"1","134","-105","2021-04-13 23:04:58.336","96","0","Sell"
"1","135","139","2021-04-13 23:04:58.770","92","38","Buy"
"1","136","-103","2021-04-13 23:04:59.864","96","0","Sell"
"1","137","141","2021-04-13 23:05:03.632","97","281","Sell"
"1","138","142","2021-04-13 23:05:04.518","91","113","Buy"
"1","139","-129","2021-04-13 23:05:04.761","96","0","Sell"
"1","140","144","2021-04-13 23:05:05.787","96","27","Sell"
"1","141","145","2021-04-13 23:05:07.351","91","27","Buy"
"1","142","146","2021-04-13 23:05:08.977","0","63","Sell"
"1","143","-132","2021-04-13 23:05:09.296","91","0","Buy"
"1","144","148","2021-04-13 23:05:09.661","90","9006","Buy"
"1","145","149","2021-04-13 23:05:10.184","97","83","Sell"
"1","146","-100","2021-04-13 23:05:10.964","97","0","Sell"
"1","147","-142","2021-04-13 23:05:16.525","91","0","Buy"
"1","148","152","2021-04-13 23:05:17.236","95","27","Sell"
"1","149","153","2021-04-13 23:05:17.245","94","40","Sell"
"1","150","154","2021-04-13 23:05:17.505","93","27","Sell"
"1","151","155","2021-04-13 23:05:19.028","0","29","Buy"
"1","152","-145","2021-04-13 23:05:19.827","91","0","Buy"
"1","153","157","2021-04-13 23:05:22.617","89","35","Buy"
"1","154","158","2021-04-13 23:05:25.304","91","70","Buy"
"1","155","159","2021-04-13 23:05:26.573","95","32","Sell"
"1","156","160","2021-04-13 23:05:29.475","95","137","Sell"
"1","157","161","2021-04-13 23:05:29.856","93","100","Sell"
"1","158","162","2021-04-13 23:05:33.167","94","30","Sell"
"1","159","-141","2021-04-13 23:05:33.299","97","0","Sell"
"1","160","-157","2021-04-13 23:05:33.329","89","0","Buy"
"1","161","-96","2021-04-13 23:05:33.904","90","0","Buy"
"1","162","166","2021-04-13 23:05:35.277","92","272","Buy"
"1","163","167","2021-04-13 23:05:37.932","92","51","Sell"
"1","164","168","2021-04-13 23:05:38.755","94","216","Sell"
"1","165","-166","2021-04-13 23:05:38.968","92","0","Buy"
"1","166","170","2021-04-13 23:05:39.282","90","21","Buy"
"1","167","171","2021-04-13 23:05:40.444","92","29","Buy"
"1","168","-171","2021-04-13 23:05:40.447","92","0","Buy"
"1","169","173","2021-04-13 23:05:42.765","92","24","Sell"
"1","170","174","2021-04-13 23:05:44.223","90","27","Buy"
"1","171","-158","2021-04-13 23:05:44.291","91","0","Buy"
"1","172","176","2021-04-13 23:05:44.880","0","30","Buy"
"1","173","-170","2021-04-13 23:05:47.260","90","0","Buy"
"1","174","-148","2021-04-13 23:05:48.607","90","0","Buy"
"1","175","-161","2021-04-13 23:05:48.762","93","0","Sell"
"1","176","180","2021-04-13 23:05:51.042","93","24","Sell"
"1","177","-160","2021-04-13 23:05:54.912","95","0","Sell"
"1","178","-174","2021-04-13 23:05:55.615","90","0","Buy"
"1","179","184","2021-04-13 23:05:56.225","0","20","Buy"
"1","180","185","2021-04-13 23:05:56.880","87","96","Buy"
"1","181","-185","2021-04-13 23:05:58.997","87","0","Buy"
"1","182","188","2021-04-13 23:06:01.540","0","61","Buy"
"1","183","189","2021-04-13 23:06:01.663","86","79","Buy"
"1","184","190","2021-04-13 23:06:01.922","87","24","Buy"
"1","185","191","2021-04-13 23:06:02.995","88","33","Buy"
"1","186","-168","2021-04-13 23:06:03.376","94","0","Sell"
"1","187","193","2021-04-13 23:06:04.088","0","42","Buy"
"1","188","194","2021-04-13 23:06:04.684","94","27","Sell"
"1","189","-149","2021-04-13 23:06:06.879","97","0","Sell"
"1","190","196","2021-04-13 23:06:08.155","87","109","Buy"
"1","191","197","2021-04-13 23:06:08.448","93","37","Sell"
"1","192","-144","2021-04-13 23:06:08.737","96","0","Sell"
"1","193","-191","2021-04-13 23:06:08.896","88","0","Buy"
"1","194","200","2021-04-13 23:06:10.385","92","58","Sell"
"1","195","201","2021-04-13 23:06:12.915","93","26","Sell"
"1","196","-76","2021-04-13 23:06:14.073","99","0","Sell"
"1","197","-189","2021-04-13 23:06:17.266","86","0","Buy"
"1","198","-200","2021-04-13 23:06:17.392","92","0","Sell"
"1","199","205","2021-04-13 23:06:17.548","88","187","Buy"
"1","200","-190","2021-04-13 23:06:21.485","87","0","Buy"
"1","201","207","2021-04-13 23:06:22.582","94","99","Sell"
"1","202","208","2021-04-13 23:06:26.129","89","145","Buy"
"1","203","-205","2021-04-13 23:06:26.512","88","0","Buy"
"1","204","-208","2021-04-13 23:06:34.694","89","0","Buy"
"1","205","211","2021-04-13 23:06:38.099","0","57","Sell"
"1","206","-196","2021-04-13 23:06:42.974","87","0","Buy"
"1","207","213","2021-04-13 23:06:44.333","92","49","Sell"
"1","208","214","2021-04-13 23:06:44.344","0","42","Buy"
"1","209","215","2021-04-13 23:06:44.434","87","52","Buy"
"1","210","216","2021-04-13 23:06:45.096","93","51","Sell"
"1","211","-197","2021-04-13 23:06:46.846","93","0","Sell"
"1","212","219","2021-04-13 23:06:48.450","93","45","Sell"
"1","213","-213","2021-04-13 23:06:49.111","92","0","Sell"
"1","214","221","2021-04-13 23:07:11.515","86","42","Buy"
"1","215","222","2021-04-13 23:07:22.423","92","49","Sell"
"1","216","223","2021-04-13 23:07:24.490","88","29","Buy"
"1","217","224","2021-04-13 23:07:28.463","0","22","Sell"
"1","218","225","2021-04-13 23:07:28.601","0","226","Buy"
"1","219","-207","2021-04-13 23:07:29.105","94","0","Sell"
"1","220","-119","2021-04-13 23:07:30.774","97","0","Sell"
"1","221","228","2021-04-13 23:07:30.851","94","45","Sell"
"1","222","-228","2021-04-13 23:07:31.730","94","0","Sell"
"1","223","-215","2021-04-13 23:07:32.176","87","0","Buy"
"1","224","231","2021-04-13 23:07:33.153","94","88","Sell"
"1","225","232","2021-04-13 23:07:36.665","93","21","Sell"
"1","226","-223","2021-04-13 23:07:37.058","88","0","Buy"
"1","227","234","2021-04-13 23:07:38.745","85","21","Buy"
"1","228","-234","2021-04-13 23:07:39.084","85","0","Buy"
"1","229","-221","2021-04-13 23:07:40.652","86","0","Buy"
"1","230","-159","2021-04-13 23:07:47.465","95","0","Sell"
"1","231","-232","2021-04-13 23:07:48.357","93","0","Sell"
"1","232","239","2021-04-13 23:07:49.522","93","64","Buy"
"1","233","240","2021-04-13 23:07:50.330","93","21","Sell"
"1","234","241","2021-04-13 23:07:51.465","94","27","Buy"
"1","235","243","2021-04-13 23:07:54.443","94","28","Buy"
"1","236","244","2021-04-13 23:07:56.935","94","24","Buy"
"1","237","245","2021-04-13 23:07:57.663","93","54","Sell"
"1","238","-245","2021-04-13 23:07:58.716","93","0","Sell"
"1","239","247","2021-04-13 23:07:59.130","85","72","Buy"
"1","240","248","2021-04-13 23:08:01.280","84","174","Buy"
"1","241","249","2021-04-13 23:08:01.293","95","28","Sell"
"1","242","250","2021-04-13 23:08:01.379","0","78","Buy"
"1","243","252","2021-04-13 23:08:12.752","91","22","Sell"
"1","244","-248","2021-04-13 23:08:13.914","84","0","Buy"
"1","245","254","2021-04-13 23:08:14.037","90","24","Sell"
"1","246","-254","2021-04-13 23:08:15.370","90","0","Sell"
"1","247","-252","2021-04-13 23:08:16.409","91","0","Sell"
"1","248","257","2021-04-13 23:08:18.214","94","33","Sell"
"1","249","258","2021-04-13 23:08:18.404","0","46","Sell"
"1","250","259","2021-04-13 23:08:23.285","86","59","Buy"
"1","251","260","2021-04-13 23:08:26.624","95","21","Sell"
"1","252","261","2021-04-13 23:08:57.996","85","23","Buy"
"1","253","262","2021-04-13 23:08:59.020","87","67","Buy"
"1","254","-262","2021-04-13 23:08:59.135","87","0","Buy"
"1","255","-247","2021-04-13 23:08:59.234","85","0","Buy"
"1","256","265","2021-04-13 23:09:00.026","85","30","Buy"
"1","257","-259","2021-04-13 23:09:00.188","86","0","Buy"
"1","258","267","2021-04-13 23:09:00.415","95","28","Sell"
"1","259","268","2021-04-13 23:09:02.396","84","114","Buy"
"1","260","269","2021-04-13 23:09:03.821","0","35","Sell"
"1","261","270","2021-04-13 23:09:05.619","93","697","Sell"
"1","262","-260","2021-04-13 23:09:05.844","95","0","Sell"
"1","263","-267","2021-04-13 23:09:06.411","95","0","Sell"
"1","264","-265","2021-04-13 23:09:06.874","85","0","Buy"
"1","265","274","2021-04-13 23:09:07.358","92","31","Sell"
"1","266","275","2021-04-13 23:09:08.140","85","35","Buy"
"1","267","-275","2021-04-13 23:09:08.276","85","0","Buy"
"1","268","277","2021-04-13 23:09:09.077","0","23","Sell"
"1","269","-274","2021-04-13 23:09:10.208","92","0","Sell"
"1","270","279","2021-04-13 23:09:10.210","83","261","Buy"
"1","271","-270","2021-04-13 23:09:10.431","93","0","Sell"
"1","272","-279","2021-04-13 23:09:10.439","83","0","Buy"
"1","273","282","2021-04-13 23:09:11.474","83","24","Buy"
"1","274","283","2021-04-13 23:09:12.090","85","39","Buy"
"1","275","-283","2021-04-13 23:09:13.954","85","0","Buy"
"1","276","285","2021-04-13 23:09:14.338","85","30","Buy"
"1","277","286","2021-04-13 23:09:14.564","86","29","Buy"
"1","278","288","2021-04-13 23:09:15.070","85","1077","Buy"
"1","279","289","2021-04-13 23:09:16.693","93","32","Sell"
"1","280","290","2021-04-13 23:09:17.062","85","180","Buy"
"1","281","291","2021-04-13 23:09:17.321","92","22","Sell"
"1","282","-286","2021-04-13 23:09:17.637","86","0","Buy"
"1","283","293","2021-04-13 23:09:17.764","0","36","Buy"
"1","284","294","2021-04-13 23:09:17.906","94","25","Sell"
"1","285","295","2021-04-13 23:09:18.206","86","33","Buy"
"1","286","296","2021-04-13 23:09:18.242","0","61","Buy"
"1","287","297","2021-04-13 23:09:18.325","85","39","Buy"
"1","288","298","2021-04-13 23:09:19.871","0","31","Sell"
"1","289","-294","2021-04-13 23:09:19.963","94","0","Sell"
"1","290","301","2021-04-13 23:09:20.509","0","45","Sell"
"1","291","302","2021-04-13 23:09:20.602","0","20","Sell"
"1","292","303","2021-04-13 23:09:21.871","84","31","Buy"
"1","293","304","2021-04-13 23:09:22.353","90","108","Sell"
"1","294","305","2021-04-13 23:09:22.765","86","68","Buy"
"1","295","-304","2021-04-13 23:09:22.859","90","0","Sell"
"1","296","307","2021-04-13 23:09:23.358","85","22","Buy"
"1","297","308","2021-04-13 23:09:23.359","87","22","Sell"
"1","298","309","2021-04-13 23:09:25.023","88","37","Sell"
"1","299","-282","2021-04-13 23:09:25.630","83","0","Buy"
"1","300","-309","2021-04-13 23:09:28.509","88","0","Sell"
"1","301","-308","2021-04-13 23:09:28.877","87","0","Sell"
"1","302","313","2021-04-13 23:09:28.900","92","39","Sell"
"1","303","314","2021-04-13 23:09:29.736","91","22","Sell"
"1","304","-314","2021-04-13 23:09:30.725","91","0","Sell"
"1","305","316","2021-04-13 23:09:33.102","85","53","Buy"
"1","306","-305","2021-04-13 23:09:33.569","86","0","Buy"
"1","307","318","2021-04-13 23:09:34.275","91","23","Sell"
"1","308","-268","2021-04-13 23:09:37.054","84","0","Buy"
"1","309","320","2021-04-13 23:09:37.533","84","20","Buy"
"1","310","321","2021-04-13 23:09:39.691","90","79","Sell"
"1","311","322","2021-04-13 23:09:42.304","89","104","Sell"
"1","312","323","2021-04-13 23:09:42.547","0","26","Buy"
"1","313","324","2021-04-13 23:09:44.270","0","206","Sell"
"1","314","325","2021-04-13 23:09:46.057","84","23","Buy"
"1","315","-320","2021-04-13 23:09:46.206","84","0","Buy"
"1","316","-297","2021-04-13 23:09:47.063","85","0","Buy"
"1","317","-318","2021-04-13 23:09:50.999","91","0","Sell"
"1","318","-321","2021-04-13 23:09:54.982","90","0","Sell"
"1","319","330","2021-04-13 23:09:56.625","84","26","Buy"
"1","320","-303","2021-04-13 23:09:57.689","84","0","Buy"
"1","321","332","2021-04-13 23:09:58.403","88","88","Sell"
"1","322","333","2021-04-13 23:10:01.816","84","37","Buy"
"1","323","334","2021-04-13 23:10:02.542","0","21","Sell"
"1","324","335","2021-04-13 23:10:03.887","89","181","Sell"
"1","325","336","2021-04-13 23:10:05.305","84","23","Buy"
"1","326","337","2021-04-13 23:10:06.449","87","32","Sell"
"1","327","338","2021-04-13 23:10:06.570","0","60","Buy"
"1","328","339","2021-04-13 23:10:09.187","87","65","Sell"
"1","329","-339","2021-04-13 23:10:09.895","87","0","Sell"
"1","330","341","2021-04-13 23:10:11.452","87","30","Sell"
"1","331","-332","2021-04-13 23:10:11.670","88","0","Sell"
"1","332","343","2021-04-13 23:10:11.713","84","50","Buy"
"1","333","344","2021-04-13 23:10:11.887","86","102","Sell"
"1","334","345","2021-04-13 23:10:12.075","0","35","Buy"
"1","335","346","2021-04-13 23:10:12.958","84","31","Buy"
"1","336","-344","2021-04-13 23:10:15.242","86","0","Sell"
"1","337","348","2021-04-13 23:10:15.873","86","25","Buy"
"1","338","349","2021-04-13 23:10:16.432","88","25","Sell"
"1","339","350","2021-04-13 23:10:16.622","87","23","Buy"
"1","340","-330","2021-04-13 23:10:16.708","84","0","Buy"
"1","341","352","2021-04-13 23:10:17.522","88","53","Sell"
"1","342","-348","2021-04-13 23:10:18.265","86","0","Buy"
"1","343","-322","2021-04-13 23:10:18.824","89","0","Sell"
"1","344","355","2021-04-13 23:10:22.973","84","33","Buy"
"1","345","-288","2021-04-13 23:10:23.235","85","0","Buy"
"1","346","357","2021-04-13 23:10:23.770","86","21","Sell"
"1","347","-290","2021-04-13 23:10:27.627","85","0","Buy"
"1","348","-336","2021-04-13 23:10:28.122","84","0","Buy"
"1","349","360","2021-04-13 23:10:28.232","87","247","Sell"
"1","350","361","2021-04-13 23:10:28.749","85","87","Sell"
"1","351","363","2021-04-13 23:10:30.422","84","21","Sell"
"1","352","-361","2021-04-13 23:10:30.838","85","0","Sell"
"1","353","365","2021-04-13 23:10:32.992","0","59","Buy"
"1","354","366","2021-04-13 23:10:36.823","86","81","Sell"
"1","355","367","2021-04-13 23:10:37.841","87","22","Sell"
"1","356","-343","2021-04-13 23:10:46.520","84","0","Buy"
"1","357","-366","2021-04-13 23:10:46.790","86","0","Sell"
"1","358","370","2021-04-13 23:10:47.233","83","51","Buy"
"1","359","371","2021-04-13 23:10:47.274","88","21","Sell"
"1","360","372","2021-04-13 23:10:48.790","83","49","Buy"
"1","361","373","2021-04-13 23:10:50.586","0","122","Sell"
"1","362","-367","2021-04-13 23:10:57.276","87","0","Sell"
"1","363","-313","2021-04-13 23:10:59.014","92","0","Sell"
"1","364","-352","2021-04-13 23:11:01.575","88","0","Sell"
"1","365","-360","2021-04-13 23:11:03.080","87","0","Sell"
"1","366","-335","2021-04-13 23:11:03.425","89","0","Sell"
"1","367","379","2021-04-13 23:11:03.707","0","77","Buy"
"1","368","381","2021-04-13 23:11:05.799","82","40","Buy"
"1","369","382","2021-04-13 23:11:07.830","85","31","Sell"
"1","370","384","2021-04-13 23:11:11.605","86","106","Sell"
"1","371","385","2021-04-13 23:11:12.425","84","25","Sell"
"1","372","386","2021-04-13 23:11:12.498","84","3369","Buy"
"1","373","387","2021-04-13 23:11:12.532","0","31","Sell"
"1","374","-386","2021-04-13 23:11:13.098","84","0","Buy"
"1","375","389","2021-04-13 23:11:13.243","82","79","Buy"
"1","376","-384","2021-04-13 23:11:13.566","86","0","Sell"
"1","377","391","2021-04-13 23:11:15.737","86","41","Sell"
"1","378","392","2021-04-13 23:11:16.362","84","25","Buy"
"1","379","-370","2021-04-13 23:11:16.525","83","0","Buy"
"1","380","-381","2021-04-13 23:11:17.433","82","0","Buy"
"1","381","-382","2021-04-13 23:11:17.875","85","0","Sell"
"1","382","396","2021-04-13 23:11:17.913","0","1216","Buy"
"1","383","397","2021-04-13 23:11:18.257","83","181","Buy"
"1","384","398","2021-04-13 23:11:18.572","83","115","Buy"
"1","385","399","2021-04-13 23:11:19.022","85","22","Buy"
"1","386","400","2021-04-13 23:11:19.317","90","9334","Sell"
"1","387","401","2021-04-13 23:11:19.682","91","28","Sell"
"1","388","402","2021-04-13 23:11:20.846","89","44","Sell"
"1","389","403","2021-04-13 23:11:21.074","86","29","Buy"
"1","390","404","2021-04-13 23:11:21.452","90","38","Sell"
"1","391","405","2021-04-13 23:11:21.453","0","21","Buy"
"1","392","406","2021-04-13 23:11:22.534","90","53","Sell"
"1","393","-392","2021-04-13 23:11:23.000","84","0","Buy"
"1","394","408","2021-04-13 23:11:23.208","88","34","Sell"
"1","395","409","2021-04-13 23:11:23.264","89","25","Sell"
"1","396","410","2021-04-13 23:11:24.472","87","43","Buy"
"1","397","-410","2021-04-13 23:11:27.297","87","0","Buy"
"1","398","412","2021-04-13 23:11:27.859","87","20","Buy"
"1","399","-412","2021-04-13 23:11:28.558","87","0","Buy"
"1","400","-408","2021-04-13 23:11:31.359","88","0","Sell"
"1","401","415","2021-04-13 23:11:33.907","0","25","Sell"
"1","402","416","2021-04-13 23:11:34.413","85","62","Buy"
"1","403","-401","2021-04-13 23:11:35.248","91","0","Sell"
"1","404","-403","2021-04-13 23:11:35.906","86","0","Buy"
"1","405","-398","2021-04-13 23:11:41.424","83","0","Buy"
"1","406","420","2021-04-13 23:11:41.814","0","20","Buy"
"1","407","-416","2021-04-13 23:11:45.210","85","0","Buy"
"1","408","422","2021-04-13 23:11:46.007","86","47","Buy"
"1","409","423","2021-04-13 23:11:48.933","88","43","Sell"
"1","410","424","2021-04-13 23:11:50.140","0","226","Sell"
"1","411","-423","2021-04-13 23:11:51.313","88","0","Sell"
"1","412","426","2021-04-13 23:11:54.856","88","29","Sell"
"1","413","427","2021-04-13 23:11:55.326","84","24","Buy"
"1","414","428","2021-04-13 23:11:55.747","89","31","Sell"
"1","415","429","2021-04-13 23:11:57.655","85","45","Buy"
"1","416","430","2021-04-13 23:11:57.943","0","65","Buy"
"1","417","431","2021-04-13 23:11:59.139","88","33","Sell"
"1","418","432","2021-04-13 23:11:59.477","89","30","Sell"
"1","419","433","2021-04-13 23:12:00.059","86","315","Buy"
"1","420","434","2021-04-13 23:12:01.210","89","29","Sell"
"1","421","-433","2021-04-13 23:12:01.343","86","0","Buy"
"1","422","-427","2021-04-13 23:12:01.581","84","0","Buy"
"1","423","437","2021-04-13 23:12:02.300","89","29","Sell"
"1","424","438","2021-04-13 23:12:03.834","89","27","Sell"
"1","425","439","2021-04-13 23:12:03.879","86","98","Buy"
"1","426","-431","2021-04-13 23:12:04.558","88","0","Sell"
"1","427","441","2021-04-13 23:12:04.980","0","37","Buy"
"1","428","442","2021-04-13 23:12:05.453","85","92","Buy"
"1","429","443","2021-04-13 23:12:06.111","87","35","Buy"
"1","430","444","2021-04-13 23:12:07.195","88","42","Sell"
"1","431","-444","2021-04-13 23:12:07.564","88","0","Sell"
"1","432","-443","2021-04-13 23:12:07.811","87","0","Buy"
"1","433","-439","2021-04-13 23:12:09.196","86","0","Buy"
"1","434","-397","2021-04-13 23:12:10.806","83","0","Buy"
"1","435","449","2021-04-13 23:12:11.163","86","35","Buy"
"1","436","-438","2021-04-13 23:12:11.288","89","0","Sell"
"1","437","451","2021-04-13 23:12:21.256","0","39","Sell"
"1","438","452","2021-04-13 23:12:31.757","88","30","Sell"
"1","439","453","2021-04-13 23:12:38.846","0","22","Buy"
"1","440","454","2021-04-13 23:12:39.160","86","151","Buy"
"1","441","455","2021-04-13 23:12:43.526","87","50","Sell"
"1","442","456","2021-04-13 23:12:48.466","0","136","Buy"
"1","443","-404","2021-04-13 23:12:48.545","90","0","Sell"
"1","444","458","2021-04-13 23:12:55.109","85","86","Buy"
"1","445","459","2021-04-13 23:12:57.003","0","93","Buy"
"1","446","461","2021-04-13 23:12:59.773","87","4587","Buy"
"1","447","-442","2021-04-13 23:13:00.156","85","0","Buy"
"1","448","-461","2021-04-13 23:13:03.026","87","0","Buy"
"1","449","-458","2021-04-13 23:13:03.039","85","0","Buy"
"1","450","-400","2021-04-13 23:13:04.043","90","0","Sell"
"1","451","467","2021-04-13 23:13:07.113","85","267","Buy"
"1","452","-429","2021-04-13 23:13:07.385","85","0","Buy"
"1","453","469","2021-04-13 23:13:08.930","0","192","Sell"
"1","454","470","2021-04-13 23:13:09.098","84","113","Buy"
"1","455","-467","2021-04-13 23:13:09.268","85","0","Buy"
"1","456","472","2021-04-13 23:13:09.672","83","172","Buy"
"1","457","473","2021-04-13 23:13:10.100","85","20","Buy"
"1","458","476","2021-04-13 23:13:11.419","0","61","Buy"
"1","459","-470","2021-04-13 23:13:11.638","84","0","Buy"
"1","460","-473","2021-04-13 23:13:13.490","85","0","Buy"
"1","461","479","2021-04-13 23:13:13.610","92","345","Sell"
"1","462","-389","2021-04-13 23:13:14.508","82","0","Buy"
"1","463","-479","2021-04-13 23:13:17.430","92","0","Sell"
"1","464","484","2021-04-13 23:13:18.056","82","29","Buy"
"1","465","485","2021-04-13 23:13:20.192","82","24","Buy"
"1","466","-472","2021-04-13 23:13:20.728","83","0","Buy"
"1","467","487","2021-04-13 23:13:21.352","81","28","Buy"
"1","468","489","2021-04-13 23:13:22.478","0","84","Sell"
"1","469","491","2021-04-13 23:13:24.360","84","117","Sell"
"1","470","492","2021-04-13 23:13:24.752","85","24","Sell"
"1","471","494","2021-04-13 23:13:25.511","0","21","Buy"
"1","472","497","2021-04-13 23:13:30.139","0","21","Buy"
"1","473","498","2021-04-13 23:13:30.780","83","32","Sell"
"1","474","500","2021-04-13 23:13:31.889","75","50","Buy"
"1","475","502","2021-04-13 23:13:31.940","76","34","Buy"
"1","476","503","2021-04-13 23:13:33.337","84","23","Sell"
"1","477","-498","2021-04-13 23:13:33.726","83","0","Sell"
"1","478","505","2021-04-13 23:13:34.566","85","33","Sell"
"1","479","506","2021-04-13 23:13:35.212","83","47","Sell"
"1","480","507","2021-04-13 23:13:35.583","77","51","Buy"
"1","481","508","2021-04-13 23:13:35.877","82","30","Sell"
"1","482","509","2021-04-13 23:13:36.796","76","456","Buy"
"1","483","510","2021-04-13 23:13:37.078","0","100","Buy"
"1","484","-507","2021-04-13 23:13:37.307","77","0","Buy"
"1","485","-503","2021-04-13 23:13:37.933","84","0","Sell"
"1","486","-491","2021-04-13 23:13:38.073","84","0","Sell"
"1","487","514","2021-04-13 23:13:38.587","75","23","Buy"
"1","488","516","2021-04-13 23:13:39.977","75","76","Buy"
"1","489","-500","2021-04-13 23:13:40.878","75","0","Buy"
"1","490","518","2021-04-13 23:13:40.882","86","21","Sell"
"1","491","-509","2021-04-13 23:13:41.651","76","0","Buy"
"1","492","520","2021-04-13 23:13:41.856","86","44","Sell"
"1","493","-492","2021-04-13 23:13:42.892","85","0","Sell"
"1","494","522","2021-04-13 23:13:42.914","86","24","Sell"
"1","495","523","2021-04-13 23:13:43.476","84","36","Sell"
"1","496","524","2021-04-13 23:13:44.328","77","31","Buy"
"1","497","-524","2021-04-13 23:13:44.365","77","0","Buy"
"1","498","526","2021-04-13 23:13:45.344","85","41","Sell"
"1","499","527","2021-04-13 23:13:46.634","75","22","Buy"
"1","500","-502","2021-04-13 23:13:47.087","76","0","Buy"
"1","501","529","2021-04-13 23:13:51.048","74","35","Buy"
"1","502","530","2021-04-13 23:13:51.310","74","27","Buy"
"1","503","531","2021-04-13 23:13:58.240","0","22","Sell"
"1","504","-530","2021-04-13 23:14:02.182","74","0","Buy"
"1","505","-523","2021-04-13 23:14:04.385","84","0","Sell"
"1","506","534","2021-04-13 23:14:06.799","84","41","Sell"
"1","507","-529","2021-04-13 23:14:06.869","74","0","Buy"
"1","508","536","2021-04-13 23:14:07.092","74","74","Buy"
"1","509","537","2021-04-13 23:14:07.556","74","385","Buy"
"1","510","538","2021-04-13 23:14:07.811","85","41","Sell"
"1","511","539","2021-04-13 23:14:09.383","0","71","Sell"
"1","512","540","2021-04-13 23:14:10.955","76","41","Buy"
"1","513","541","2021-04-13 23:14:10.973","83","114","Sell"
"1","514","542","2021-04-13 23:14:11.087","77","120","Buy"
"1","515","-542","2021-04-13 23:14:11.618","77","0","Buy"
"1","516","544","2021-04-13 23:14:12.045","84","30","Sell"
"1","517","545","2021-04-13 23:14:12.430","0","24","Buy"
"1","518","546","2021-04-13 23:14:12.931","84","29","Sell"
"1","519","547","2021-04-13 23:14:13.379","84","690","Sell"
"1","520","548","2021-04-13 23:14:13.393","0","24","Sell"
"1","521","-541","2021-04-13 23:14:13.999","83","0","Sell"
"1","522","550","2021-04-13 23:14:14.032","77","231","Buy"
"1","523","551","2021-04-13 23:14:15.178","78","31","Buy"
"1","524","-516","2021-04-13 23:14:17.212","75","0","Buy"
"1","525","-520","2021-04-13 23:14:17.311","86","0","Sell"
"1","526","554","2021-04-13 23:14:17.553","83","23","Sell"
"1","527","-547","2021-04-13 23:14:17.569","84","0","Sell"
"1","528","-551","2021-04-13 23:14:18.012","78","0","Buy"
"1","529","557","2021-04-13 23:14:19.454","82","25","Sell"
"1","530","558","2021-04-13 23:14:20.571","0","36","Buy"
"1","531","559","2021-04-13 23:14:20.947","78","36","Buy"
"1","532","-554","2021-04-13 23:14:21.069","83","0","Sell"
"1","533","-546","2021-04-13 23:14:22.265","84","0","Sell"
"1","534","562","2021-04-13 23:14:22.479","0","36","Sell"
"1","535","563","2021-04-13 23:14:23.007","85","33","Sell"
"1","536","564","2021-04-13 23:14:23.298","0","22","Buy"
"1","537","565","2021-04-13 23:14:23.958","78","2722","Buy"
"1","538","566","2021-04-13 23:14:24.122","77","34","Buy"
"1","539","-544","2021-04-13 23:14:24.534","84","0","Sell"
"1","540","-540","2021-04-13 23:14:27.958","76","0","Buy"
"1","541","569","2021-04-13 23:14:28.728","0","64","Sell"
"1","542","570","2021-04-13 23:14:31.381","0","118","Sell"
"1","543","-566","2021-04-13 23:14:31.795","77","0","Buy"
"1","544","572","2021-04-13 23:14:32.128","79","23","Buy"
"1","545","573","2021-04-13 23:14:32.315","85","45","Sell"
"1","546","-538","2021-04-13 23:14:32.644","85","0","Sell"
"1","547","575","2021-04-13 23:14:32.662","85","37","Sell"
"1","548","-572","2021-04-13 23:14:32.993","79","0","Buy"
"1","549","577","2021-04-13 23:14:37.657","85","35","Sell"
"1","550","578","2021-04-13 23:14:38.546","83","54","Sell"
"1","551","-573","2021-04-13 23:14:40.568","85","0","Sell"
"1","552","-575","2021-04-13 23:14:41.481","85","0","Sell"
"1","553","581","2021-04-13 23:14:41.732","79","258","Buy"
"1","554","-505","2021-04-13 23:14:43.388","85","0","Sell"
"1","555","583","2021-04-13 23:14:44.178","78","120","Buy"
"1","556","584","2021-04-13 23:14:44.707","82","32","Sell"
"1","557","585","2021-04-13 23:14:44.861","83","41","Sell"
"1","558","586","2021-04-13 23:14:45.529","78","34","Buy"
"1","559","587","2021-04-13 23:14:45.763","81","56","Sell"
"1","560","-584","2021-04-13 23:14:49.172","82","0","Sell"
"1","561","-587","2021-04-13 23:14:51.233","81","0","Sell"
"1","562","590","2021-04-13 23:14:52.504","84","32","Sell"
"1","563","-581","2021-04-13 23:14:52.701","79","0","Buy"
"1","564","-563","2021-04-13 23:14:52.941","85","0","Sell"
"1","565","593","2021-04-13 23:14:53.225","79","43","Buy"
"1","566","594","2021-04-13 23:14:56.444","82","20","Sell"
"1","567","595","2021-04-13 23:15:00.287","80","28","Buy"
"1","568","596","2021-04-13 23:15:03.215","81","55","Sell"
"1","569","597","2021-04-13 23:15:04.931","81","50","Buy"
"1","570","-593","2021-04-13 23:15:05.151","79","0","Buy"
"1","571","599","2021-04-13 23:15:06.035","81","47","Buy"
"1","572","600","2021-04-13 23:15:07.167","80","346","Buy"
"1","573","-599","2021-04-13 23:15:07.599","81","0","Buy"
"1","574","602","2021-04-13 23:15:07.812","81","30","Sell"
"1","575","603","2021-04-13 23:15:08.359","79","50","Buy"
"1","576","-602","2021-04-13 23:15:09.411","81","0","Sell"
"1","577","-595","2021-04-13 23:15:09.900","80","0","Buy"
"1","578","-590","2021-04-13 23:15:12.134","84","0","Sell"
"1","579","607","2021-04-13 23:15:12.337","81","193","Buy"
"1","580","608","2021-04-13 23:15:13.794","82","24","Buy"
"1","581","-578","2021-04-13 23:15:16.379","83","0","Sell"
"1","582","-608","2021-04-13 23:15:16.533","82","0","Buy"
"1","583","-522","2021-04-13 23:15:16.677","86","0","Sell"
"1","584","-585","2021-04-13 23:15:17.791","83","0","Sell"
"1","585","613","2021-04-13 23:15:18.457","85","22","Sell"
"1","586","614","2021-04-13 23:15:20.691","0","29","Sell"
"1","587","615","2021-04-13 23:15:21.119","85","365","Sell"
"1","588","616","2021-04-13 23:15:21.843","83","24","Sell"
"1","589","617","2021-04-13 23:15:22.111","82","39","Sell"
"1","590","618","2021-04-13 23:15:22.829","82","35","Buy"
"1","591","619","2021-04-13 23:15:23.303","80","34","Buy"
"1","592","620","2021-04-13 23:15:23.821","82","44","Buy"
"1","593","621","2021-04-13 23:15:24.161","83","32","Buy"
"1","594","622","2021-04-13 23:15:24.240","83","21","Sell"
"1","595","623","2021-04-13 23:15:24.540","0","91","Buy"
"1","596","-613","2021-04-13 23:15:24.698","85","0","Sell"
"1","597","-527","2021-04-13 23:15:24.734","75","0","Buy"
"1","598","-537","2021-04-13 23:15:24.765","74","0","Buy"
"1","599","627","2021-04-13 23:15:24.792","86","23","Sell"
"1","600","628","2021-04-13 23:15:25.118","83","546","Buy"
"1","601","629","2021-04-13 23:15:25.662","82","65","Buy"
"1","602","630","2021-04-13 23:15:26.800","82","21","Buy"
"1","603","631","2021-04-13 23:15:27.067","84","21","Sell"
"1","604","632","2021-04-13 23:15:27.168","84","120","Buy"
"1","605","633","2021-04-13 23:15:27.297","86","20","Sell"
"1","606","-518","2021-04-13 23:15:27.416","86","0","Sell"
"1","607","635","2021-04-13 23:15:27.557","84","24","Sell"
"1","608","636","2021-04-13 23:15:27.692","83","26","Buy"
"1","609","-627","2021-04-13 23:15:27.724","86","0","Sell"
"1","610","-632","2021-04-13 23:15:28.068","84","0","Buy"
"1","611","-577","2021-04-13 23:15:28.913","85","0","Sell"
"1","612","640","2021-04-13 23:15:29.746","84","92","Sell"
"1","613","641","2021-04-13 23:15:30.520","83","133","Sell"
"1","614","-628","2021-04-13 23:15:31.088","83","0","Buy"
"1","615","643","2021-04-13 23:15:31.499","85","63","Sell"
"1","616","644","2021-04-13 23:15:31.700","82","23","Buy"
"1","617","-640","2021-04-13 23:15:31.958","84","0","Sell"
"1","618","646","2021-04-13 23:15:32.573","82","672","Buy"
"1","619","647","2021-04-13 23:15:33.181","82","41","Buy"
"1","620","-615","2021-04-13 23:15:34.091","85","0","Sell"
"1","621","-586","2021-04-13 23:15:34.758","78","0","Buy"
"1","622","650","2021-04-13 23:15:34.991","0","430","Sell"
"1","623","651","2021-04-13 23:15:35.042","83","28","Buy"
"1","624","652","2021-04-13 23:15:36.001","84","24","Buy"
"1","625","653","2021-04-13 23:15:36.292","84","24","Sell"
"1","626","-643","2021-04-13 23:15:37.102","85","0","Sell"
"1","627","656","2021-04-13 23:15:38.646","84","762","Buy"
"1","628","657","2021-04-13 23:15:39.264","85","35","Sell"
"1","629","-603","2021-04-13 23:15:39.940","79","0","Buy"
"1","630","-656","2021-04-13 23:15:40.161","84","0","Buy"
"1","631","660","2021-04-13 23:15:40.200","86","36","Sell"
"1","632","661","2021-04-13 23:15:42.179","86","25","Sell"
"1","633","-651","2021-04-13 23:15:42.478","83","0","Buy"
"1","634","663","2021-04-13 23:15:42.576","0","25","Buy"
"1","635","-536","2021-04-13 23:15:44.866","74","0","Buy"
"1","636","-657","2021-04-13 23:15:45.993","85","0","Sell"
"1","637","-661","2021-04-13 23:15:46.070","86","0","Sell"
"1","638","667","2021-04-13 23:15:46.296","0","511","Buy"
"1","639","668","2021-04-13 23:15:46.891","81","1438","Buy"
"1","640","669","2021-04-13 23:15:47.100","83","22","Buy"
"1","641","670","2021-04-13 23:15:47.611","89","35","Sell"
"1","642","671","2021-04-13 23:15:48.497","82","28","Buy"
"1","643","-583","2021-04-13 23:15:48.763","78","0","Buy"
"1","644","673","2021-04-13 23:15:49.798","84","47","Buy"
"1","645","-670","2021-04-13 23:15:51.608","89","0","Sell"
"1","646","675","2021-04-13 23:15:52.349","85","32","Buy"
"1","647","676","2021-04-13 23:15:52.858","86","74","Buy"
"1","648","677","2021-04-13 23:15:54.340","85","32","Buy"
"1","649","678","2021-04-13 23:15:57.441","87","22","Buy"
"1","650","679","2021-04-13 23:16:00.169","91","52","Sell"
"1","651","680","2021-04-13 23:16:01.741","90","29","Sell"
"1","652","681","2021-04-13 23:16:07.179","88","66","Buy"
"1","653","-679","2021-04-13 23:16:07.299","91","0","Sell"
"1","654","683","2021-04-13 23:16:09.097","89","502","Sell"
"1","655","-680","2021-04-13 23:16:09.939","90","0","Sell"
"1","656","685","2021-04-13 23:16:10.172","89","42","Buy"
"1","657","686","2021-04-13 23:16:11.201","87","43","Buy"
"1","658","-683","2021-04-13 23:16:16.866","89","0","Sell"
"1","659","688","2021-04-13 23:16:18.830","91","35","Sell"
"1","660","689","2021-04-13 23:16:21.579","0","22","Sell"
"1","661","690","2021-04-13 23:16:22.424","92","27","Sell"
"1","662","-688","2021-04-13 23:16:22.706","91","0","Sell"
"1","663","692","2021-04-13 23:16:23.625","93","306","Sell"
"1","664","693","2021-04-13 23:16:29.211","0","27","Sell"
"1","665","694","2021-04-13 23:16:30.398","0","109","Sell"
"1","666","695","2021-04-13 23:16:30.742","87","23","Buy"
"1","667","696","2021-04-13 23:16:31.543","86","26","Buy"
"1","668","697","2021-04-13 23:16:33.669","93","33","Sell"
"1","669","-690","2021-04-13 23:16:37.613","92","0","Sell"
"1","670","699","2021-04-13 23:16:37.730","0","437","Buy"
"1","671","700","2021-04-13 23:16:39.992","88","28","Buy"
"1","672","701","2021-04-13 23:16:40.293","90","20","Sell"
"1","673","702","2021-04-13 23:16:41.018","89","110","Sell"
"1","674","703","2021-04-13 23:16:42.457","0","41","Sell"
"1","675","704","2021-04-13 23:16:43.883","0","49","Sell"
"1","676","705","2021-04-13 23:16:43.999","87","88","Buy"
"1","677","-696","2021-04-13 23:16:45.608","86","0","Buy"
"1","678","707","2021-04-13 23:16:46.156","0","135","Buy"
"1","679","708","2021-04-13 23:16:47.544","90","33","Sell"
"1","680","709","2021-04-13 23:16:47.621","91","25","Sell"
"1","681","710","2021-04-13 23:16:48.504","88","32","Buy"
"1","682","-708","2021-04-13 23:16:49.716","90","0","Sell"
"1","683","712","2021-04-13 23:16:52.539","0","122","Buy"
"1","684","-710","2021-04-13 23:16:57.466","88","0","Buy"
"1","685","714","2021-04-13 23:16:58.600","86","25","Buy"
"1","686","715","2021-04-13 23:17:06.118","88","37","Buy"
"1","687","716","2021-04-13 23:17:22.006","98","151","Sell"
"1","688","717","2021-04-13 23:17:22.036","99","37","Sell"
"1","689","718","2021-04-13 23:17:22.907","89","100","Buy"
"1","690","719","2021-04-13 23:17:27.401","88","71","Buy"
"1","691","720","2021-04-13 23:17:27.442","90","136","Buy"
"1","692","-715","2021-04-13 23:17:29.330","88","0","Buy"
"1","693","722","2021-04-13 23:17:29.880","97","59","Sell"
"1","694","723","2021-04-13 23:17:32.111","0","83","Sell"
"1","695","724","2021-04-13 23:17:32.151","89","23","Buy"
"1","696","725","2021-04-13 23:17:32.488","91","30","Buy"
"1","697","726","2021-04-13 23:17:33.298","98","66","Sell"
"1","698","-671","2021-04-13 23:17:33.969","82","0","Buy"
"1","699","-722","2021-04-13 23:17:34.144","97","0","Sell"
"1","700","-717","2021-04-13 23:17:34.298","99","0","Sell"
"1","701","-647","2021-04-13 23:17:34.900","82","0","Buy"
"1","702","731","2021-04-13 23:17:34.926","92","44","Buy"
"1","703","732","2021-04-13 23:17:35.855","97","28","Sell"
"1","704","733","2021-04-13 23:17:36.251","93","20","Buy"
"1","705","-726","2021-04-13 23:17:36.783","98","0","Sell"
"1","706","735","2021-04-13 23:17:38.846","0","45","Buy"
"1","707","-733","2021-04-13 23:17:43.434","93","0","Buy"
"1","708","737","2021-04-13 23:17:51.728","99","134","Sell"
"1","709","738","2021-04-13 23:17:52.847","91","155","Buy"
"1","710","-731","2021-04-13 23:17:59.872","92","0","Buy"
"1","711","740","2021-04-13 23:18:00.430","90","28","Buy"
"1","712","-716","2021-04-13 23:18:00.837","98","0","Sell"
"1","713","-646","2021-04-13 23:18:02.455","82","0","Buy"
"1","714","-669","2021-04-13 23:18:04.996","83","0","Buy"
"1","715","744","2021-04-13 23:18:08.670","0","38","Sell"
"1","716","745","2021-04-13 23:18:11.949","0","89","Sell"
"1","717","-737","2021-04-13 23:18:12.005","99","0","Sell"
"1","718","747","2021-04-13 23:18:14.772","92","80","Buy"
"1","719","749","2021-04-13 23:18:19.714","99","29","Sell"
"1","720","750","2021-04-13 23:18:28.779","98","28","Sell"
"1","721","751","2021-04-13 23:18:28.837","0","53","Sell"
"1","722","752","2021-04-13 23:18:40.393","99","57","Sell"
"1","723","753","2021-04-13 23:18:41.918","91","24","Buy"
"1","724","754","2021-04-13 23:18:42.292","91","34","Buy"
"1","725","755","2021-04-13 23:18:44.844","97","28","Sell"
"1","726","756","2021-04-13 23:18:44.883","98","99","Sell"
"1","727","-747","2021-04-13 23:18:48.139","92","0","Buy"
"1","728","758","2021-04-13 23:18:50.734","0","35","Sell"
"1","729","759","2021-04-13 23:18:51.016","92","30","Buy"
"1","730","-738","2021-04-13 23:18:51.527","91","0","Buy"
"1","731","-675","2021-04-13 23:18:52.159","85","0","Buy"
"1","732","762","2021-04-13 23:18:53.584","91","42","Buy"
"1","733","-755","2021-04-13 23:18:54.496","97","0","Sell"
"1","734","764","2021-04-13 23:18:54.576","93","127","Buy"
"1","735","-600","2021-04-13 23:18:57.024","80","0","Buy"
"1","736","766","2021-04-13 23:18:57.571","97","20","Sell"
"1","737","767","2021-04-13 23:18:58.176","92","145","Buy"
"1","738","-677","2021-04-13 23:19:01.310","85","0","Buy"
"1","739","769","2021-04-13 23:19:01.678","94","24","Buy"
"1","740","-705","2021-04-13 23:19:01.867","87","0","Buy"
"1","741","771","2021-04-13 23:19:03.966","95","35","Buy"
"1","742","-766","2021-04-13 23:19:03.970","97","0","Sell"
"1","743","773","2021-04-13 23:19:08.351","0","32","Sell"
"1","744","774","2021-04-13 23:19:13.414","99","41","Sell"
"1","745","775","2021-04-13 23:19:19.977","97","33","Sell"
"1","746","-771","2021-04-13 23:19:22.988","95","0","Buy"
"1","747","-756","2021-04-13 23:19:29.877","98","0","Sell"
"1","748","778","2021-04-13 23:19:30.536","95","37","Buy"
"1","749","-750","2021-04-13 23:19:31.899","98","0","Sell"
"1","750","-775","2021-04-13 23:19:33.134","97","0","Sell"
"1","751","781","2021-04-13 23:19:36.603","100","20","Sell"
"1","752","-778","2021-04-13 23:19:39.167","95","0","Buy"
"1","753","-781","2021-04-13 23:19:39.189","100","0","Sell"
"1","754","-769","2021-04-13 23:19:40.357","94","0","Buy"
"1","755","785","2021-04-13 23:19:41.388","0","29","Buy"
"1","756","-764","2021-04-13 23:19:41.807","93","0","Buy"
"1","757","787","2021-04-13 23:19:42.115","100","632","Sell"
"1","758","-752","2021-04-13 23:19:45.915","99","0","Sell"
"1","759","789","2021-04-13 23:19:48.170","0","37","Sell"
"1","760","790","2021-04-13 23:19:50.662","93","119","Buy"
"1","761","791","2021-04-13 23:19:51.703","98","24","Sell"
"1","762","792","2021-04-13 23:19:54.156","0","20","Buy"
"1","763","793","2021-04-13 23:19:57.415","99","34","Sell"
"1","764","794","2021-04-13 23:20:00.126","97","20","Sell"
"1","765","795","2021-04-13 23:20:07.014","98","82","Sell"
"1","766","-718","2021-04-13 23:20:08.626","89","0","Buy"
"1","767","-794","2021-04-13 23:20:11.235","97","0","Sell"
"1","768","-619","2021-04-13 23:20:14.092","80","0","Buy"
"1","769","-714","2021-04-13 23:20:15.210","86","0","Buy"
"1","770","800","2021-04-13 23:20:15.450","92","99","Buy"
"1","771","801","2021-04-13 23:20:16.305","97","77","Sell"
"1","772","802","2021-04-13 23:20:17.145","98","29","Sell"
"1","773","803","2021-04-13 23:20:18.519","94","34","Buy"
"1","774","-801","2021-04-13 23:20:22.588","97","0","Sell"
"1","775","-565","2021-04-13 23:20:23.817","78","0","Buy"
"1","776","806","2021-04-13 23:20:25.707","99","22","Sell"
"1","777","807","2021-04-13 23:20:27.229","95","141","Buy"
"1","778","-802","2021-04-13 23:20:28.023","98","0","Sell"
"1","779","809","2021-04-13 23:20:28.026","0","28","Sell"
"1","780","-774","2021-04-13 23:20:30.777","99","0","Sell"
"1","781","811","2021-04-13 23:20:30.819","99","26","Sell"
"1","782","812","2021-04-13 23:20:30.927","96","31","Buy"
"1","783","813","2021-04-13 23:20:31.091","99","138","Sell"
"1","784","-812","2021-04-13 23:20:33.637","96","0","Buy"
"1","785","-791","2021-04-13 23:20:34.081","98","0","Sell"
"1","786","-811","2021-04-13 23:20:35.638","99","0","Sell"
"1","787","817","2021-04-13 23:20:37.463","97","21","Sell"
"1","788","818","2021-04-13 23:20:38.635","98","34","Sell"
"1","789","819","2021-04-13 23:20:40.817","98","46","Sell"
"1","790","820","2021-04-13 23:20:40.955","98","27","Sell"
"1","791","821","2021-04-13 23:20:41.478","96","46","Buy"
"1","792","822","2021-04-13 23:20:46.364","95","37","Buy"
"1","793","-818","2021-04-13 23:20:49.063","98","0","Sell"
"1","794","824","2021-04-13 23:20:50.823","97","20","Buy"
"1","795","-821","2021-04-13 23:20:53.647","96","0","Buy"
"1","796","826","2021-04-13 23:20:54.211","94","41","Buy"
"1","797","827","2021-04-13 23:20:54.525","0","29","Sell"
"1","798","828","2021-04-13 23:20:54.600","94","22","Buy"
"1","799","-795","2021-04-13 23:20:55.563","98","0","Sell"
"1","800","-820","2021-04-13 23:20:59.231","98","0","Sell"
"1","801","-807","2021-04-13 23:20:59.987","95","0","Buy"
"1","802","-607","2021-04-13 23:21:01.041","81","0","Buy"
"1","803","833","2021-04-13 23:21:04.483","98","23","Sell"
"1","804","-817","2021-04-13 23:21:04.861","97","0","Sell"
"1","805","835","2021-04-13 23:21:04.999","0","20","Sell"
"1","806","836","2021-04-13 23:21:05.454","0","46","Buy"
"1","807","837","2021-04-13 23:21:06.222","97","26","Sell"
"1","808","838","2021-04-13 23:21:06.423","0","60","Buy"
"1","809","839","2021-04-13 23:21:07.201","0","20","Buy"
"1","810","-793","2021-04-13 23:21:07.464","99","0","Sell"
"1","811","-787","2021-04-13 23:21:08.574","100","0","Sell"
"1","812","842","2021-04-13 23:21:11.149","98","24","Sell"
"1","813","843","2021-04-13 23:21:11.619","94","25","Buy"
"1","814","844","2021-04-13 23:21:12.496","94","28","Buy"
"1","815","845","2021-04-13 23:21:12.498","0","51","Sell"
"1","816","-800","2021-04-13 23:21:12.708","92","0","Buy"
"1","817","-762","2021-04-13 23:21:13.367","91","0","Buy"
"1","818","-842","2021-04-13 23:21:14.322","98","0","Sell"
"1","819","849","2021-04-13 23:21:15.422","100","22","Sell"
"1","820","850","2021-04-13 23:21:15.472","93","29","Buy"
"1","821","851","2021-04-13 23:21:16.138","100","20","Sell"
"1","822","852","2021-04-13 23:21:17.100","100","38","Sell"
"1","823","-790","2021-04-13 23:21:18.421","93","0","Buy"
"1","824","-806","2021-04-13 23:21:19.522","99","0","Sell"
"1","825","855","2021-04-13 23:21:19.622","100","20","Sell"
"1","826","-850","2021-04-13 23:21:19.772","93","0","Buy"
"1","827","857","2021-04-13 23:21:20.136","0","22","Sell"
"1","828","858","2021-04-13 23:21:20.203","0","43","Buy"
"1","829","859","2021-04-13 23:21:20.674","0","109","Sell"
"1","830","860","2021-04-13 23:21:21.030","93","21","Buy"
"1","831","861","2021-04-13 23:21:21.379","0","31","Buy"
"1","832","862","2021-04-13 23:21:21.712","98","40","Sell"
"1","833","863","2021-04-13 23:21:22.574","99","974","Sell"
"1","834","864","2021-04-13 23:21:23.362","0","29","Sell"
"1","835","-767","2021-04-13 23:21:24.237","92","0","Buy"
"1","836","-754","2021-04-13 23:21:24.273","91","0","Buy"
"1","837","867","2021-04-13 23:21:26.468","97","27","Sell"
"1","838","868","2021-04-13 23:21:27.021","98","33","Sell"
"1","839","869","2021-04-13 23:21:28.870","96","125","Sell"
"1","840","-869","2021-04-13 23:21:30.052","96","0","Sell"
"1","841","871","2021-04-13 23:21:32.128","92","64","Buy"
"1","842","-851","2021-04-13 23:21:34.945","100","0","Sell"
"1","843","-849","2021-04-13 23:21:35.495","100","0","Sell"
"1","844","-867","2021-04-13 23:21:35.989","97","0","Sell"
"1","845","875","2021-04-13 23:21:36.338","97","140","Sell"
"1","846","876","2021-04-13 23:21:39.216","96","32","Sell"
"1","847","877","2021-04-13 23:21:41.322","93","20","Buy"
"1","848","878","2021-04-13 23:21:41.519","95","24","Sell"
"1","849","879","2021-04-13 23:21:41.520","94","5869","Sell"
"1","850","880","2021-04-13 23:21:41.601","0","247","Sell"
"1","851","881","2021-04-13 23:21:42.173","93","22","Sell"
"1","852","-719","2021-04-13 23:21:45.332","88","0","Buy"
"1","853","883","2021-04-13 23:21:45.460","0","60","Sell"
"1","854","884","2021-04-13 23:21:48.373","94","83","Sell"
"1","855","885","2021-04-13 23:21:48.433","80","75","Buy"
"1","856","886","2021-04-13 23:21:49.500","92","29","Sell"
"1","857","-878","2021-04-13 23:21:50.135","95","0","Sell"
"1","858","-668","2021-04-13 23:21:50.791","81","0","Buy"
"1","859","-550","2021-04-13 23:21:51.406","77","0","Buy"
"1","860","891","2021-04-13 23:21:53.515","91","53","Sell"
"1","861","892","2021-04-13 23:21:53.650","90","32","Sell"
"1","862","-892","2021-04-13 23:21:54.085","90","0","Sell"
"1","863","894","2021-04-13 23:21:55.293","79","29","Buy"
"1","864","-894","2021-04-13 23:21:55.939","79","0","Buy"
"1","865","-876","2021-04-13 23:21:56.378","96","0","Sell"
"1","866","897","2021-04-13 23:21:58.022","0","31","Sell"
"1","867","898","2021-04-13 23:22:00.914","0","26","Sell"
"1","868","899","2021-04-13 23:22:01.183","81","95","Buy"
"1","869","900","2021-04-13 23:22:02.285","0","76","Buy"
"1","870","-885","2021-04-13 23:22:02.331","80","0","Buy"
"1","871","902","2021-04-13 23:22:04.240","0","44","Buy"
"1","872","903","2021-04-13 23:22:04.672","0","24","Buy"
"1","873","904","2021-04-13 23:22:05.153","95","92","Sell"
"1","874","905","2021-04-13 23:22:05.270","95","21","Sell"
"1","875","-884","2021-04-13 23:22:08.412","94","0","Sell"
"1","876","-899","2021-04-13 23:22:08.696","81","0","Buy"
"1","877","-855","2021-04-13 23:22:10.030","100","0","Sell"
"1","878","910","2021-04-13 23:22:10.160","91","116990","Buy"
"1","879","-868","2021-04-13 23:22:10.740","98","0","Sell"
"1","880","-910","2021-04-13 23:22:11.366","91","0","Buy"
"1","881","913","2021-04-13 23:22:11.579","0","24","Buy"
"1","882","915","2021-04-13 23:22:15.010","85","22","Buy"
"1","883","916","2021-04-13 23:22:16.824","0","23","Sell"
"1","884","-875","2021-04-13 23:22:16.859","97","0","Sell"
"1","885","918","2021-04-13 23:22:17.817","95","34","Sell"
"1","886","919","2021-04-13 23:22:18.314","95","25","Sell"
"1","887","921","2021-04-13 23:22:19.378","92","56","Buy"
"1","888","-879","2021-04-13 23:22:20.030","94","0","Sell"
"1","889","923","2021-04-13 23:22:20.952","96","81","Sell"
"1","890","-921","2021-04-13 23:22:20.968","92","0","Buy"
"1","891","-918","2021-04-13 23:22:21.316","95","0","Sell"
"1","892","926","2021-04-13 23:22:21.703","94","24","Sell"
"1","893","927","2021-04-13 23:22:23.052","0","50","Buy"
"1","894","928","2021-04-13 23:22:23.935","94","64","Sell"
"1","895","-852","2021-04-13 23:22:25.401","100","0","Sell"
"1","896","930","2021-04-13 23:22:26.367","93","24","Sell"
"1","897","932","2021-04-13 23:22:28.654","90","154","Buy"
"1","898","-930","2021-04-13 23:22:29.314","93","0","Sell"
"1","899","-928","2021-04-13 23:22:29.517","94","0","Sell"
"1","900","936","2021-04-13 23:22:31.097","89","135","Buy"
"1","901","937","2021-04-13 23:22:31.150","89","43","Buy"
"1","902","938","2021-04-13 23:22:32.172","94","218","Sell"
"1","903","939","2021-04-13 23:22:32.840","0","23","Buy"
"1","904","940","2021-04-13 23:22:32.841","0","29","Buy"
"1","905","941","2021-04-13 23:22:35.244","93","36","Sell"
"1","906","942","2021-04-13 23:22:35.803","92","27","Sell"
"1","907","943","2021-04-13 23:22:38.946","91","32","Sell"
"1","908","944","2021-04-13 23:22:40.397","89","30","Buy"
"1","909","945","2021-04-13 23:22:42.964","92","34","Sell"
"1","910","946","2021-04-13 23:22:44.132","91","29","Buy"
"1","911","947","2021-04-13 23:22:45.822","91","77","Buy"
"1","912","948","2021-04-13 23:22:47.671","91","25","Sell"
"1","913","-942","2021-04-13 23:22:47.933","92","0","Sell"
"1","914","950","2021-04-13 23:22:48.650","90","25","Buy"
"1","915","951","2021-04-13 23:22:49.153","93","46","Sell"
"1","916","-947","2021-04-13 23:22:49.213","91","0","Buy"
"1","917","953","2021-04-13 23:22:49.610","0","78","Sell"
"1","918","-945","2021-04-13 23:22:50.069","92","0","Sell"
"1","919","-950","2021-04-13 23:22:50.238","90","0","Buy"
"1","920","956","2021-04-13 23:22:51.963","94","30","Sell"
"1","921","957","2021-04-13 23:22:53.681","94","45","Sell"
"1","922","958","2021-04-13 23:22:53.696","0","37","Buy"
"1","923","959","2021-04-13 23:22:54.170","91","21","Buy"
"1","924","960","2021-04-13 23:22:54.179","90","168","Buy"
"1","925","961","2021-04-13 23:22:54.947","0","51","Buy"
"1","926","962","2021-04-13 23:22:57.260","93","26","Sell"
"1","927","963","2021-04-13 23:22:58.619","0","44","Buy"
"1","928","964","2021-04-13 23:23:00.070","0","180","Sell"
"1","929","965","2021-04-13 23:23:00.203","89","263","Buy"
"1","930","966","2021-04-13 23:23:02.673","91","36","Buy"
"1","931","967","2021-04-13 23:23:02.730","93","60","Sell"
"1","932","968","2021-04-13 23:23:21.569","0","23","Buy"
"1","933","969","2021-04-13 23:23:25.491","90","36","Buy"
"1","934","970","2021-04-13 23:23:28.167","92","31","Buy"
"1","935","971","2021-04-13 23:23:28.526","93","74","Buy"
"1","936","972","2021-04-13 23:23:30.970","94","52","Buy"
"1","937","-971","2021-04-13 23:23:31.897","93","0","Buy"
"1","938","974","2021-04-13 23:23:32.629","91","22","Buy"
"1","939","975","2021-04-13 23:23:32.896","93","79","Buy"
"1","940","976","2021-04-13 23:23:39.782","93","68","Sell"
"1","941","977","2021-04-13 23:23:51.848","92","22","Buy"
"1","942","-956","2021-04-13 23:23:52.961","94","0","Sell"
"1","943","979","2021-04-13 23:23:58.217","0","25","Buy"
"1","944","-905","2021-04-13 23:23:59.355","95","0","Sell"
"1","945","981","2021-04-13 23:24:02.133","0","300","Sell"
"1","946","982","2021-04-13 23:24:02.390","95","29","Sell"
"1","947","983","2021-04-13 23:24:03.059","90","72","Buy"
"1","948","984","2021-04-13 23:24:04.521","95","40","Sell"
"1","949","985","2021-04-13 23:24:05.191","0","183","Buy"
"1","950","-982","2021-04-13 23:24:06.652","95","0","Sell"
"1","951","-983","2021-04-13 23:24:06.719","90","0","Buy"
"1","952","988","2021-04-13 23:24:07.254","88","39","Buy"
"1","953","989","2021-04-13 23:24:09.238","90","34","Buy"
"1","954","-989","2021-04-13 23:24:09.411","90","0","Buy"
"1","955","-988","2021-04-13 23:24:10.689","88","0","Buy"
"1","956","-937","2021-04-13 23:24:11.123","89","0","Buy"
"1","957","993","2021-04-13 23:24:12.906","94","267","Sell"
"1","958","994","2021-04-13 23:24:14.298","0","23","Buy"
"1","959","995","2021-04-13 23:24:15.605","90","51","Buy"
"1","960","996","2021-04-13 23:24:16.170","89","68","Buy"
"1","961","997","2021-04-13 23:24:16.344","91","29","Buy"
"1","962","-863","2021-04-13 23:24:17.114","99","0","Sell"
"1","963","999","2021-04-13 23:24:17.214","92","39","Buy"
"1","964","1000","2021-04-13 23:24:17.574","91","35","Buy"
"1","965","-999","2021-04-13 23:24:19.465","92","0","Buy"
"1","966","-984","2021-04-13 23:24:21.789","95","0","Sell"
"1","967","-993","2021-04-13 23:24:22.072","94","0","Sell"
"1","968","1004","2021-04-13 23:24:24.641","90","1811","Buy"
"1","969","1005","2021-04-13 23:24:26.329","90","23","Buy"
"1","970","-1000","2021-04-13 23:24:26.472","91","0","Buy"
"1","971","-862","2021-04-13 23:24:26.925","98","0","Sell"
"1","972","1008","2021-04-13 23:24:27.061","0","25","Buy"
"1","973","1009","2021-04-13 23:24:27.155","0","32","Sell"
"1","974","1010","2021-04-13 23:24:28.407","95","71","Sell"
"1","975","1011","2021-04-13 23:24:29.099","0","46","Sell"
"1","976","1012","2021-04-13 23:24:29.197","89","47","Buy"
"1","977","1013","2021-04-13 23:24:29.517","94","26","Sell"
"1","978","1014","2021-04-13 23:24:29.862","89","51","Buy"
"1","979","1015","2021-04-13 23:24:29.937","89","65","Buy"
"1","980","1016","2021-04-13 23:24:31.392","95","82","Sell"
"1","981","1017","2021-04-13 23:24:32.773","93","27","Sell"
"1","982","1018","2021-04-13 23:24:34.602","94","28","Sell"
"1","983","-996","2021-04-13 23:24:35.144","89","0","Buy"
"1","984","1020","2021-04-13 23:24:35.253","89","70","Buy"
"1","985","1021","2021-04-13 23:24:35.427","0","33","Buy"
"1","986","1022","2021-04-13 23:24:36.050","95","22","Sell"
"1","987","1023","2021-04-13 23:24:36.290","93","38","Sell"
"1","988","-1018","2021-04-13 23:24:36.848","94","0","Sell"
"1","989","1025","2021-04-13 23:24:36.868","89","52","Buy"
"1","990","1026","2021-04-13 23:24:37.163","92","33","Sell"
"1","991","-1016","2021-04-13 23:24:38.361","95","0","Sell"
"1","992","-1022","2021-04-13 23:24:39.471","95","0","Sell"
"1","993","-995","2021-04-13 23:24:41.803","90","0","Buy"
"1","994","1030","2021-04-13 23:24:42.449","93","52","Sell"
"1","995","-813","2021-04-13 23:24:42.580","99","0","Sell"
"1","996","-1004","2021-04-13 23:24:43.047","90","0","Buy"
"1","997","1033","2021-04-13 23:24:43.943","89","54","Buy"
"1","998","-1026","2021-04-13 23:24:44.889","92","0","Sell"
"1","999","-1015","2021-04-13 23:24:45.115","89","0","Buy"
"1","1000","1036","2021-04-13 23:24:46.140","94","26","Sell"
"1","1001","1037","2021-04-13 23:24:47.216","94","29","Sell"
"1","1002","1038","2021-04-13 23:24:47.374","92","64","Sell"
"1","1003","-1010","2021-04-13 23:24:49.979","95","0","Sell"
"1","1004","1040","2021-04-13 23:24:50.094","89","21","Buy"
"1","1005","-1038","2021-04-13 23:24:51.431","92","0","Sell"
"1","1006","1042","2021-04-13 23:24:52.266","91","33","Buy"
"1","1007","-1023","2021-04-13 23:24:52.788","93","0","Sell"
"1","1008","-1020","2021-04-13 23:24:53.070","89","0","Buy"
"1","1009","-1036","2021-04-13 23:24:54.278","94","0","Sell"
"1","1010","1046","2021-04-13 23:24:54.404","92","21","Buy"
"1","1011","1047","2021-04-13 23:24:54.543","93","77","Buy"
"1","1012","1048","2021-04-13 23:24:56.397","92","20","Buy"
"1","1013","1049","2021-04-13 23:24:56.812","93","41","Sell"
"1","1014","-1046","2021-04-13 23:24:57.328","92","0","Buy"
"1","1015","1051","2021-04-13 23:24:57.625","92","52","Sell"
"1","1016","1052","2021-04-13 23:24:58.601","92","32","Buy"
"1","1017","-923","2021-04-13 23:24:59.535","96","0","Sell"
"1","1018","-1049","2021-04-13 23:25:00.425","93","0","Sell"
"1","1019","1056","2021-04-13 23:25:01.818","90","417","Buy"
"1","1020","1057","2021-04-13 23:25:02.712","92","1226","Buy"
"1","1021","-1033","2021-04-13 23:25:03.763","89","0","Buy"
"1","1022","-1013","2021-04-13 23:25:05.970","94","0","Sell"
"1","1023","1060","2021-04-13 23:25:06.551","95","20","Sell"
"1","1024","-1057","2021-04-13 23:25:07.040","92","0","Buy"
"1","1025","1062","2021-04-13 23:25:07.041","93","177","Sell"
"1","1026","1063","2021-04-13 23:25:07.563","94","40","Sell"
"1","1027","1064","2021-04-13 23:25:10.311","0","23","Buy"
"1","1028","1065","2021-04-13 23:25:13.332","92","1322","Sell"
"1","1029","1066","2021-04-13 23:25:14.271","92","32","Buy"
"1","1030","1067","2021-04-13 23:25:16.178","0","30","Buy"
"1","1031","-1042","2021-04-13 23:25:22.480","91","0","Buy"
"1","1032","1069","2021-04-13 23:25:27.569","91","37","Buy"
"1","1033","1070","2021-04-13 23:25:29.181","90","34","Buy"
"1","1034","1071","2021-04-13 23:25:33.485","0","25","Buy"
"1","1035","-1069","2021-04-13 23:25:33.488","91","0","Buy"
"1","1036","1073","2021-04-13 23:25:39.517","0","45","Sell"
"1","1037","-1060","2021-04-13 23:25:40.975","95","0","Sell"
"1","1038","1075","2021-04-13 23:25:47.015","93","55","Sell"
"1","1039","1076","2021-04-13 23:25:53.624","91","22","Sell"
"1","1040","-1075","2021-04-13 23:25:54.792","93","0","Sell"
"1","1041","-936","2021-04-13 23:25:56.897","89","0","Buy"
"1","1042","1079","2021-04-13 23:26:02.793","90","32","Sell"
"1","1043","1080","2021-04-13 23:26:03.185","91","52","Buy"
"1","1044","1081","2021-04-13 23:26:08.445","91","69","Sell"
"1","1045","-1081","2021-04-13 23:26:15.570","91","0","Sell"
"1","1046","-1065","2021-04-13 23:26:20.149","92","0","Sell"
"1","1047","-965","2021-04-13 23:26:20.988","89","0","Buy"
"1","1048","1085","2021-04-13 23:26:21.077","92","328","Sell"
"1","1049","-1070","2021-04-13 23:26:21.594","90","0","Buy"
"1","1050","-1056","2021-04-13 23:26:23.160","90","0","Buy"
"1","1051","1088","2021-04-13 23:26:32.444","90","35","Buy"
"1","1052","1089","2021-04-13 23:26:33.219","91","52","Buy"
"1","1053","1090","2021-04-13 23:26:33.870","92","45","Buy"
"1","1054","-1089","2021-04-13 23:26:34.205","91","0","Buy"
"1","1055","1092","2021-04-13 23:26:35.097","89","367","Buy"
"1","1056","1093","2021-04-13 23:26:35.257","93","147","Sell"
"1","1057","1094","2021-04-13 23:26:35.546","93","69","Sell"
"1","1058","1095","2021-04-13 23:26:36.221","93","50","Sell"
"1","1059","1096","2021-04-13 23:26:36.871","93","21","Sell"
"1","1060","1097","2021-04-13 23:26:37.643","91","81","Buy"
"1","1061","1098","2021-04-13 23:26:37.820","90","50","Buy"
"1","1062","-1098","2021-04-13 23:26:37.935","90","0","Buy"
"1","1063","1100","2021-04-13 23:26:39.058","91","25","Sell"
"1","1064","-1097","2021-04-13 23:26:40.339","91","0","Buy"
"1","1065","-1088","2021-04-13 23:26:40.386","90","0","Buy"
"1","1066","1103","2021-04-13 23:26:46.273","0","25","Sell"
"1","1067","1104","2021-04-13 23:26:49.886","0","27","Sell"
"1","1068","-1040","2021-04-13 23:26:56.732","89","0","Buy"
"1","1069","1106","2021-04-13 23:27:02.456","90","96","Buy"
"1","1070","-1085","2021-04-13 23:27:06.533","92","0","Sell"
"1","1071","1108","2021-04-13 23:27:06.580","0","31","Sell"
"1","1072","-1106","2021-04-13 23:27:08.605","90","0","Buy"
"1","1073","1110","2021-04-13 23:27:08.648","88","38","Buy"
"1","1074","1111","2021-04-13 23:27:08.987","0","6027","Buy"
"1","1075","-1110","2021-04-13 23:27:10.609","88","0","Buy"
"1","1076","-1092","2021-04-13 23:27:12.544","89","0","Buy"
"1","1077","1116","2021-04-13 23:27:17.247","97","53","Sell"
"1","1078","1117","2021-04-13 23:27:19.927","90","90","Buy"
"1","1079","-1117","2021-04-13 23:27:27.388","90","0","Buy"
"1","1080","1120","2021-04-13 23:27:30.594","90","47","Buy"
"1","1081","1121","2021-04-13 23:27:32.855","98","54","Sell"
"1","1082","1122","2021-04-13 23:27:35.164","0","63","Buy"
"1","1083","1123","2021-04-13 23:27:35.703","97","129","Sell"
"1","1084","1124","2021-04-13 23:27:37.021","89","29","Buy"
"1","1085","1125","2021-04-13 23:27:40.794","89","25","Buy"
"1","1086","-1123","2021-04-13 23:27:42.647","97","0","Sell"
"1","1087","1127","2021-04-13 23:27:43.250","91","33","Buy"
"1","1088","1128","2021-04-13 23:27:43.405","97","691","Sell"
"1","1089","1129","2021-04-13 23:27:43.543","98","62","Sell"
"1","1090","1130","2021-04-13 23:27:46.563","0","26","Buy"
"1","1091","-1121","2021-04-13 23:27:46.727","98","0","Sell"
"1","1092","1132","2021-04-13 23:27:47.474","98","23","Sell"
"1","1093","1133","2021-04-13 23:27:50.757","0","35","Sell"
"1","1094","1134","2021-04-13 23:27:51.211","0","157","Sell"
"1","1095","-1129","2021-04-13 23:27:52.077","98","0","Sell"
"1","1096","1136","2021-04-13 23:27:52.129","88","113","Buy"
"1","1097","1137","2021-04-13 23:27:54.273","98","26","Sell"
"1","1098","-1124","2021-04-13 23:27:55.120","89","0","Buy"
"1","1099","1139","2021-04-13 23:27:56.230","0","357","Buy"
"1","1100","1140","2021-04-13 23:27:58.575","98","60","Sell"
"1","1101","-1128","2021-04-13 23:28:02.187","97","0","Sell"
"1","1102","-1025","2021-04-13 23:28:02.467","89","0","Buy"
"1","1103","1143","2021-04-13 23:28:04.191","99","22","Sell"
"1","1104","1144","2021-04-13 23:28:04.763","99","120","Sell"
"1","1105","1145","2021-04-13 23:28:05.845","97","2680","Sell"
"1","1106","-1125","2021-04-13 23:28:06.613","89","0","Buy"
"1","1107","1147","2021-04-13 23:28:06.614","89","24","Buy"
"1","1108","1148","2021-04-13 23:28:08.315","88","30","Buy"
"1","1109","-1147","2021-04-13 23:28:09.962","89","0","Buy"
"1","1110","1150","2021-04-13 23:28:10.336","89","23","Buy"
"1","1111","-1148","2021-04-13 23:28:12.961","88","0","Buy"
"1","1112","1152","2021-04-13 23:28:12.991","98","79","Sell"
"1","1113","1153","2021-04-13 23:28:13.194","98","1045","Sell"
"1","1114","-1143","2021-04-13 23:28:13.651","99","0","Sell"
"1","1115","-1136","2021-04-13 23:28:17.024","88","0","Buy"
"1","1116","1156","2021-04-13 23:28:24.442","88","25","Buy"
"1","1117","1157","2021-04-13 23:28:28.770","98","43","Sell"
"1","1118","-1150","2021-04-13 23:28:33.393","89","0","Buy"
"1","1119","1159","2021-04-13 23:28:37.819","98","224","Sell"
"1","1120","1160","2021-04-13 23:28:38.526","0","20","Buy"
"1","1121","1161","2021-04-13 23:28:39.209","87","41","Buy"
"1","1122","1162","2021-04-13 23:28:39.771","87","80","Buy"
"1","1123","1163","2021-04-13 23:28:44.794","96","94","Sell"
"1","1124","1164","2021-04-13 23:28:45.625","0","38","Buy"
"1","1125","-1156","2021-04-13 23:28:46.622","88","0","Buy"
"1","1126","1166","2021-04-13 23:28:46.972","95","43","Sell"
"1","1127","-1161","2021-04-13 23:28:47.806","87","0","Buy"
"1","1128","1168","2021-04-13 23:28:50.999","86","20","Buy"
"1","1129","-1166","2021-04-13 23:28:53.512","95","0","Sell"
"1","1130","1170","2021-04-13 23:28:54.356","0","22","Buy"
"1","1131","1171","2021-04-13 23:28:54.731","88","33","Buy"
"1","1132","1172","2021-04-13 23:28:57.823","87","180","Buy"
"1","1133","-1163","2021-04-13 23:29:00.712","96","0","Sell"
"1","1134","-1152","2021-04-13 23:29:01.148","98","0","Sell"
"1","1135","1175","2021-04-13 23:29:01.406","89","2679","Buy"
"1","1136","1176","2021-04-13 23:29:01.782","0","27","Buy"
"1","1137","-1144","2021-04-13 23:29:02.220","99","0","Sell"
"1","1138","1178","2021-04-13 23:29:02.365","96","123","Sell"
"1","1139","1179","2021-04-13 23:29:03.794","90","41","Buy"
"1","1140","-1179","2021-04-13 23:29:03.895","90","0","Buy"
"1","1141","-1178","2021-04-13 23:29:04.476","96","0","Sell"
"1","1142","1182","2021-04-13 23:29:06.168","88","24","Buy"
"1","1143","1183","2021-04-13 23:29:07.144","98","22","Sell"
"1","1144","1184","2021-04-13 23:29:12.169","90","21","Buy"
"1","1145","-1145","2021-04-13 23:29:15.050","97","0","Sell"
"1","1146","1186","2021-04-13 23:29:15.694","99","44","Sell"
"1","1147","1187","2021-04-13 23:29:15.719","91","110","Buy"
"1","1148","1188","2021-04-13 23:29:18.451","0","39","Buy"
"1","1149","-1187","2021-04-13 23:29:18.533","91","0","Buy"
"1","1150","-1153","2021-04-13 23:29:19.301","98","0","Sell"
"1","1151","-1159","2021-04-13 23:29:20.324","98","0","Sell"
"1","1152","1192","2021-04-13 23:29:20.902","97","23","Sell"
"1","1153","-1186","2021-04-13 23:29:21.545","99","0","Sell"
"1","1154","1194","2021-04-13 23:29:21.745","89","56","Buy"
"1","1155","1195","2021-04-13 23:29:21.953","0","22","Sell"
"1","1156","1196","2021-04-13 23:29:23.739","98","220","Sell"
"1","1157","1197","2021-04-13 23:29:26.451","90","32","Buy"
"1","1158","-1157","2021-04-13 23:29:27.959","98","0","Sell"
"1","1159","1199","2021-04-13 23:29:29.816","0","29","Sell"
"1","1160","1200","2021-04-13 23:29:30.143","98","50","Sell"
"1","1161","1201","2021-04-13 23:29:30.344","98","30","Sell"
"1","1162","-1197","2021-04-13 23:29:31.532","90","0","Buy"
"1","1163","1203","2021-04-13 23:29:32.196","96","39","Sell"
"1","1164","-1168","2021-04-13 23:29:32.223","86","0","Buy"
"1","1165","1205","2021-04-13 23:29:32.650","97","67","Sell"
"1","1166","-1203","2021-04-13 23:29:33.401","96","0","Sell"
"1","1167","-1205","2021-04-13 23:29:36.986","97","0","Sell"
"1","1168","-1192","2021-04-13 23:29:37.580","97","0","Sell"
"1","1169","1209","2021-04-13 23:29:39.550","99","76","Sell"
"1","1170","1210","2021-04-13 23:29:39.687","88","31","Buy"
"1","1171","1211","2021-04-13 23:29:40.095","0","24","Sell"
"1","1172","-1171","2021-04-13 23:29:40.616","88","0","Buy"
"1","1173","1213","2021-04-13 23:29:42.957","97","20","Sell"
"1","1174","1214","2021-04-13 23:29:43.276","96","404","Sell"
"1","1175","-1214","2021-04-13 23:29:43.305","96","0","Sell"
"1","1176","1216","2021-04-13 23:29:44.370","90","25","Buy"
"1","1177","1217","2021-04-13 23:29:46.635","89","127","Buy"
"1","1178","1218","2021-04-13 23:29:47.654","89","27","Buy"
"1","1179","-1200","2021-04-13 23:29:48.223","98","0","Sell"
"1","1180","-1216","2021-04-13 23:29:48.520","90","0","Buy"
"1","1181","1221","2021-04-13 23:29:48.867","88","118","Buy"
"1","1182","1222","2021-04-13 23:29:49.144","0","220","Buy"
"1","1183","-1194","2021-04-13 23:29:49.174","89","0","Buy"
"1","1184","1224","2021-04-13 23:29:49.903","99","27","Sell"
"1","1185","1225","2021-04-13 23:29:50.006","0","25","Buy"
"1","1186","-1218","2021-04-13 23:29:50.209","89","0","Buy"
"1","1187","-1209","2021-04-13 23:29:50.897","99","0","Sell"
"1","1188","1228","2021-04-13 23:29:51.940","90","27","Buy"
"1","1189","-1182","2021-04-13 23:29:52.393","88","0","Buy"
"1","1190","1230","2021-04-13 23:29:52.868","89","48","Buy"
"1","1191","-1228","2021-04-13 23:29:53.239","90","0","Buy"
"1","1192","-1201","2021-04-13 23:29:53.469","98","0","Sell"
"1","1193","1233","2021-04-13 23:29:54.103","90","24","Buy"
"1","1194","-1233","2021-04-13 23:29:54.255","90","0","Buy"
"1","1195","1235","2021-04-13 23:29:54.270","97","51","Sell"
"1","1196","-1172","2021-04-13 23:29:54.276","87","0","Buy"
"1","1197","-1175","2021-04-13 23:29:54.687","89","0","Buy"
"1","1198","-1224","2021-04-13 23:29:55.153","99","0","Sell"
"1","1199","1239","2021-04-13 23:29:55.847","96","22","Sell"
"1","1200","1240","2021-04-13 23:29:56.409","90","24","Buy"
"1","1201","1241","2021-04-13 23:29:56.639","95","82","Sell"
"1","1202","-1221","2021-04-13 23:29:57.293","88","0","Buy"
"1","1203","1243","2021-04-13 23:29:58.866","94","29","Sell"
"1","1204","-1240","2021-04-13 23:29:58.975","90","0","Buy"
"1","1205","1245","2021-04-13 23:29:59.678","88","34","Buy"
"1","1206","-1241","2021-04-13 23:29:59.735","95","0","Sell"
"1","1207","1247","2021-04-13 23:30:00.125","93","22","Sell"
"1","1208","1248","2021-04-13 23:30:01.370","88","379","Buy"
"1","1209","-1230","2021-04-13 23:30:01.485","89","0","Buy"
"1","1210","-1217","2021-04-13 23:30:02.181","89","0","Buy"
"1","1211","1251","2021-04-13 23:30:02.786","94","25","Sell"
"1","1212","1252","2021-04-13 23:30:02.891","87","68","Buy"
"1","1213","1253","2021-04-13 23:30:10.100","89","55","Buy"
"1","1214","-1243","2021-04-13 23:30:12.316","94","0","Sell"
"1","1215","1255","2021-04-13 23:30:12.766","0","22","Sell"
"1","1216","1256","2021-04-13 23:30:13.290","92","23","Sell"
"1","1217","1257","2021-04-13 23:30:15.337","0","24","Buy"
"1","1218","-1235","2021-04-13 23:30:15.420","97","0","Sell"
"1","1219","-1239","2021-04-13 23:30:17.182","96","0","Sell"
"1","1220","1260","2021-04-13 23:30:17.344","90","32","Buy"
"1","1221","-1251","2021-04-13 23:30:18.822","94","0","Sell"
"1","1222","1262","2021-04-13 23:30:19.127","91","81","Buy"
"1","1223","-1262","2021-04-13 23:30:19.365","91","0","Buy"
"1","1224","1264","2021-04-13 23:30:19.370","89","77","Buy"
"1","1225","-1247","2021-04-13 23:30:19.500","93","0","Sell"
"1","1226","-1252","2021-04-13 23:30:19.512","87","0","Buy"
"1","1227","-1162","2021-04-13 23:30:20.660","87","0","Buy"
"1","1228","1268","2021-04-13 23:30:20.897","91","41","Buy"
"1","1229","-1260","2021-04-13 23:30:21.173","90","0","Buy"
"1","1230","1270","2021-04-13 23:30:21.209","90","20","Buy"
"1","1231","-1196","2021-04-13 23:30:21.388","98","0","Sell"
"1","1232","1272","2021-04-13 23:30:21.607","101","24","Sell"
"1","1233","1273","2021-04-13 23:30:21.717","102","28","Sell"
"1","1234","-1268","2021-04-13 23:30:23.071","91","0","Buy"
"1","1235","-1272","2021-04-13 23:30:23.655","101","0","Sell"
"1","1236","-1273","2021-04-13 23:30:23.859","102","0","Sell"
"1","1237","1278","2021-04-13 23:30:24.351","91","23","Buy"
"1","1238","1280","2021-04-13 23:30:25.444","100","31","Sell"
"1","1239","-1278","2021-04-13 23:30:26.039","91","0","Buy"
"1","1240","1282","2021-04-13 23:30:26.958","0","20","Sell"
"1","1241","1283","2021-04-13 23:30:27.304","99","151","Sell"
"1","1242","-1264","2021-04-13 23:30:27.930","89","0","Buy"
"1","1243","1285","2021-04-13 23:30:28.448","98","21","Sell"
"1","1244","-1248","2021-04-13 23:30:29.127","88","0","Buy"
"1","1245","1287","2021-04-13 23:30:30.047","90","24","Buy"
"1","1246","-1287","2021-04-13 23:30:31.140","90","0","Buy"
"1","1247","1289","2021-04-13 23:30:31.329","97","397","Sell"
"1","1248","1290","2021-04-13 23:30:31.339","98","155","Sell"
"1","1249","-1283","2021-04-13 23:30:31.461","99","0","Sell"
"1","1250","1292","2021-04-13 23:30:32.482","0","21","Buy"
"1","1251","-1253","2021-04-13 23:30:32.733","89","0","Buy"
"1","1252","1294","2021-04-13 23:30:33.211","96","22","Sell"
"1","1253","1295","2021-04-13 23:30:33.272","95","125","Sell"
"1","1254","1296","2021-04-13 23:30:33.455","0","21","Sell"
"1","1255","1297","2021-04-13 23:30:33.902","87","29","Buy"
"1","1256","-1210","2021-04-13 23:30:34.569","88","0","Buy"
"1","1257","-1297","2021-04-13 23:30:34.732","87","0","Buy"
"1","1258","-1245","2021-04-13 23:30:35.265","88","0","Buy"
"1","1259","-1294","2021-04-13 23:30:35.297","96","0","Sell"
"1","1260","1302","2021-04-13 23:30:35.378","94","22","Buy"
"1","1261","-1302","2021-04-13 23:30:35.403","94","0","Buy"
"1","1262","-1295","2021-04-13 23:30:36.533","95","0","Sell"
"1","1263","1306","2021-04-13 23:30:36.580","98","121","Sell"
"1","1264","1307","2021-04-13 23:30:36.764","87","51","Buy"
"1","1265","1308","2021-04-13 23:30:37.066","86","28","Buy"
"1","1266","1309","2021-04-13 23:30:37.318","88","23","Buy"
"1","1267","1310","2021-04-13 23:30:38.211","96","135","Sell"
"1","1268","1311","2021-04-13 23:30:38.727","87","37","Buy"
"1","1269","-1280","2021-04-13 23:30:38.846","100","0","Sell"
"1","1270","1313","2021-04-13 23:30:38.862","0","21","Sell"
"1","1271","1314","2021-04-13 23:30:39.938","97","37","Sell"
"1","1272","-1309","2021-04-13 23:30:40.053","88","0","Buy"
"1","1273","-1310","2021-04-13 23:30:40.292","96","0","Sell"
"1","1274","-1308","2021-04-13 23:30:40.455","86","0","Buy"
"1","1275","1318","2021-04-13 23:30:40.877","88","28","Buy"
"1","1276","1319","2021-04-13 23:30:40.879","89","40","Buy"
"1","1277","-1319","2021-04-13 23:30:40.970","89","0","Buy"
"1","1278","1321","2021-04-13 23:30:41.227","89","76","Buy"
"1","1279","-1306","2021-04-13 23:30:41.564","98","0","Sell"
"1","1280","-1311","2021-04-13 23:30:41.592","87","0","Buy"
"1","1281","1324","2021-04-13 23:30:41.660","96","37","Sell"
"1","1282","-1318","2021-04-13 23:30:41.935","88","0","Buy"
"1","1283","1326","2021-04-13 23:30:42.101","95","41","Sell"
"1","1284","-1321","2021-04-13 23:30:42.236","89","0","Buy"
"1","1285","1328","2021-04-13 23:30:42.815","86","22","Buy"
"1","1286","1329","2021-04-13 23:30:44.375","86","177","Buy"
"1","1287","-1307","2021-04-13 23:30:44.693","87","0","Buy"
"1","1288","-1324","2021-04-13 23:30:45.968","96","0","Sell"
"1","1289","-1328","2021-04-13 23:30:46.304","86","0","Buy"
"1","1290","1333","2021-04-13 23:30:47.538","85","33","Buy"
"1","1291","1334","2021-04-13 23:30:47.595","0","29","Sell"
"1","1292","1335","2021-04-13 23:30:51.833","85","37","Buy"
"1","1293","-1285","2021-04-13 23:30:53.590","98","0","Sell"
"1","1294","1337","2021-04-13 23:30:55.567","87","33","Buy"
"1","1295","1338","2021-04-13 23:30:56.698","0","74","Buy"
"1","1296","1339","2021-04-13 23:30:56.819","98","150","Sell"
"1","1297","1340","2021-04-13 23:30:57.340","0","45","Buy"
"1","1298","1341","2021-04-13 23:30:59.824","88","54","Buy"
"1","1299","-1314","2021-04-13 23:31:02.900","97","0","Sell"
"1","1300","1343","2021-04-13 23:31:06.520","0","23","Sell"
"1","1301","1344","2021-04-13 23:31:06.709","98","43","Sell"
"1","1302","1345","2021-04-13 23:31:08.055","0","36","Sell"
"1","1303","-1290","2021-04-13 23:31:09.675","98","0","Sell"
"1","1304","1347","2021-04-13 23:31:10.091","88","40","Buy"
"1","1305","1348","2021-04-13 23:31:12.224","89","25","Buy"
"1","1306","1349","2021-04-13 23:31:14.604","96","122","Sell"
"1","1307","-1339","2021-04-13 23:31:14.689","98","0","Sell"
"1","1308","1351","2021-04-13 23:31:16.245","0","184","Buy"
"1","1309","1352","2021-04-13 23:31:17.574","90","131","Buy"
"1","1310","1353","2021-04-13 23:31:17.819","91","23","Buy"
"1","1311","-1353","2021-04-13 23:31:26.173","91","0","Buy"
"1","1312","1355","2021-04-13 23:31:36.665","0","24","Buy"
"1","1313","1356","2021-04-13 23:31:41.601","0","756","Buy"
"1","1314","1357","2021-04-13 23:31:43.163","89","105","Buy"
"1","1315","1358","2021-04-13 23:31:43.251","89","793","Buy"
"1","1316","-1337","2021-04-13 23:31:45.802","87","0","Buy"
"1","1317","1360","2021-04-13 23:31:47.073","91","85","Buy"
"1","1318","1361","2021-04-13 23:31:48.469","94","128","Sell"
"1","1319","1362","2021-04-13 23:31:48.862","90","34","Buy"
"1","1320","-1362","2021-04-13 23:31:50.358","90","0","Buy"
"1","1321","1364","2021-04-13 23:31:51.029","92","46","Buy"
"1","1322","1365","2021-04-13 23:31:51.410","0","22","Sell"
"1","1323","1366","2021-04-13 23:31:51.425","95","567","Sell"
"1","1324","1367","2021-04-13 23:31:51.926","95","25","Sell"
"1","1325","1368","2021-04-13 23:31:52.851","95","23","Sell"
"1","1326","-1361","2021-04-13 23:31:54.070","94","0","Sell"
"1","1327","1370","2021-04-13 23:31:54.094","91","33","Buy"
"1","1328","1371","2021-04-13 23:31:55.575","93","31","Buy"
"1","1329","1372","2021-04-13 23:32:03.013","0","30","Buy"
"1","1330","-1358","2021-04-13 23:32:14.769","89","0","Buy"
"1","1331","1374","2021-04-13 23:32:24.877","92","214","Buy"
"1","1332","1375","2021-04-13 23:32:26.596","94","33","Sell"
"1","1333","-1335","2021-04-13 23:32:27.066","85","0","Buy"
"1","1334","-1375","2021-04-13 23:32:31.596","94","0","Sell"
"1","1335","-1371","2021-04-13 23:32:31.890","93","0","Buy"
"1","1336","-1374","2021-04-13 23:32:37.357","92","0","Buy"
"1","1337","-1364","2021-04-13 23:32:40.196","92","0","Buy"
"1","1338","1381","2021-04-13 23:32:42.041","92","32","Buy"
"1","1339","-1381","2021-04-13 23:32:48.072","92","0","Buy"
"1","1340","1383","2021-04-13 23:32:48.946","96","29","Sell"
"1","1341","1384","2021-04-13 23:32:50.360","92","25","Buy"
"1","1342","-1366","2021-04-13 23:32:50.590","95","0","Sell"
"1","1343","1386","2021-04-13 23:32:50.753","96","40","Sell"
"1","1344","1387","2021-04-13 23:32:51.165","91","59","Buy"
"1","1345","1388","2021-04-13 23:32:51.168","94","27","Sell"
"1","1346","1389","2021-04-13 23:32:51.541","93","51","Buy"
"1","1347","1390","2021-04-13 23:32:51.822","0","301","Sell"
"1","1348","1391","2021-04-13 23:32:51.911","93","735","Sell"
"1","1349","-1368","2021-04-13 23:32:51.977","95","0","Sell"
"1","1350","-1391","2021-04-13 23:32:51.997","93","0","Sell"
"1","1351","1394","2021-04-13 23:32:54.610","93","57","Sell"
"1","1352","-1329","2021-04-13 23:32:54.616","86","0","Buy"
"1","1353","1396","2021-04-13 23:32:55.379","91","52","Buy"
"1","1354","-1386","2021-04-13 23:32:56.085","96","0","Sell"
"1","1355","1398","2021-04-13 23:32:56.899","94","23","Sell"
"1","1356","-1396","2021-04-13 23:32:57.662","91","0","Buy"
"1","1357","-1388","2021-04-13 23:32:57.906","94","0","Sell"
"1","1358","1401","2021-04-13 23:32:59.391","92","218","Sell"
"1","1359","1402","2021-04-13 23:33:00.169","0","34","Buy"
"1","1360","1403","2021-04-13 23:33:01.692","93","25","Sell"
"1","1361","1404","2021-04-13 23:33:03.270","91","29","Buy"
"1","1362","-1404","2021-04-13 23:33:04.791","91","0","Buy"
"1","1363","1406","2021-04-13 23:33:05.687","91","26","Buy"
"1","1364","1407","2021-04-13 23:33:06.607","92","46","Buy"
"1","1365","1408","2021-04-13 23:33:08.998","90","421","Buy"
"1","1366","1409","2021-04-13 23:33:21.573","90","27","Buy"
"1","1367","1410","2021-04-13 23:33:23.515","0","59","Buy"
"1","1368","1411","2021-04-13 23:33:23.578","0","97","Buy"
"1","1369","-1352","2021-04-13 23:33:28.615","90","0","Buy"
"1","1370","1413","2021-04-13 23:33:30.033","92","108","Sell"
"1","1371","-1367","2021-04-13 23:33:31.030","95","0","Sell"
"1","1372","-1398","2021-04-13 23:33:31.854","94","0","Sell"
"1","1373","1416","2021-04-13 23:33:32.857","0","76","Buy"
"1","1374","-1406","2021-04-13 23:33:33.506","91","0","Buy"
"1","1375","-1408","2021-04-13 23:33:37.537","90","0","Buy"
"1","1376","1419","2021-04-13 23:33:38.190","93","107","Sell"
"1","1377","-1413","2021-04-13 23:33:39.067","92","0","Sell"
"1","1378","1421","2021-04-13 23:33:41.580","92","27","Sell"
"1","1379","-1333","2021-04-13 23:33:41.971","85","0","Buy"
"1","1380","-1357","2021-04-13 23:33:44.213","89","0","Buy"
"1","1381","1424","2021-04-13 23:33:45.372","89","9679","Buy"
"1","1382","-1403","2021-04-13 23:33:47.585","93","0","Sell"
"1","1383","-1409","2021-04-13 23:33:48.408","90","0","Buy"
"1","1384","-1421","2021-04-13 23:33:50.225","92","0","Sell"
"1","1385","-1383","2021-04-13 23:33:52.374","96","0","Sell"
"1","1386","1430","2021-04-13 23:33:53.839","92","102","Sell"
"1","1387","-1394","2021-04-13 23:33:55.713","93","0","Sell"
"1","1388","1432","2021-04-13 23:33:55.750","93","22","Sell"
"1","1389","1433","2021-04-13 23:33:58.037","91","166","Sell"
"1","1390","1434","2021-04-13 23:34:00.013","0","35","Sell"
"1","1391","1435","2021-04-13 23:34:00.071","88","54","Buy"
"1","1392","1436","2021-04-13 23:34:01.794","88","27","Buy"
"1","1393","-1430","2021-04-13 23:34:02.283","92","0","Sell"
"1","1394","1438","2021-04-13 23:34:03.920","88","24","Buy"
"1","1395","1439","2021-04-13 23:34:04.465","92","82","Sell"
"1","1396","1440","2021-04-13 23:34:05.397","92","5461","Sell"
"1","1397","-1433","2021-04-13 23:34:05.904","91","0","Sell"
"1","1398","1442","2021-04-13 23:34:05.965","93","40","Sell"
"1","1399","1443","2021-04-13 23:34:07.903","91","174","Sell"
"1","1400","-1347","2021-04-13 23:34:08.618","88","0","Buy"
"1","1401","1445","2021-04-13 23:34:09.133","90","131","Buy"
"1","1402","1446","2021-04-13 23:34:09.403","89","218","Buy"
"1","1403","1447","2021-04-13 23:34:11.065","91","32","Buy"
"1","1404","-1438","2021-04-13 23:34:16.395","88","0","Buy"
"1","1405","1449","2021-04-13 23:34:17.161","0","26","Buy"
"1","1406","1450","2021-04-13 23:34:19.448","0","20","Sell"
"1","1407","1451","2021-04-13 23:34:19.529","92","72","Sell"
"1","1408","-1445","2021-04-13 23:34:20.597","90","0","Buy"
"1","1409","1453","2021-04-13 23:34:20.802","88","53","Buy"
"1","1410","-1453","2021-04-13 23:34:22.294","88","0","Buy"
"1","1411","1455","2021-04-13 23:34:22.570","92","27","Sell"
"1","1412","1456","2021-04-13 23:34:27.805","90","44","Sell"
"1","1413","1457","2021-04-13 23:34:28.309","91","25","Sell"
"1","1414","-1456","2021-04-13 23:34:30.449","90","0","Sell"
"1","1415","-1435","2021-04-13 23:34:30.644","88","0","Buy"
"1","1416","1460","2021-04-13 23:34:32.772","88","41","Buy"
"1","1417","1461","2021-04-13 23:34:32.933","88","28","Buy"
"1","1418","-1443","2021-04-13 23:34:33.787","91","0","Sell"
"1","1419","1463","2021-04-13 23:34:34.893","92","27","Sell"
"1","1420","1464","2021-04-13 23:34:37.429","92","33","Sell"
"1","1421","-1461","2021-04-13 23:34:42.876","88","0","Buy"
"1","1422","1466","2021-04-13 23:34:43.439","90","24","Sell"
"1","1423","-1446","2021-04-13 23:34:44.421","89","0","Buy"
"1","1424","1468","2021-04-13 23:34:48.087","88","487","Buy"
"1","1425","-1468","2021-04-13 23:34:48.647","88","0","Buy"
"1","1426","1470","2021-04-13 23:34:49.912","89","37","Sell"
"1","1427","-1436","2021-04-13 23:34:50.996","88","0","Buy"
"1","1428","-1424","2021-04-13 23:34:52.999","89","0","Buy"
"1","1429","1473","2021-04-13 23:34:55.849","0","116","Buy"
"1","1430","1474","2021-04-13 23:34:56.258","89","69","Buy"
"1","1431","1475","2021-04-13 23:34:58.914","0","25","Sell"
"1","1432","1476","2021-04-13 23:34:59.072","91","57","Sell"
"1","1433","1477","2021-04-13 23:34:59.231","92","126","Sell"
"1","1434","-1440","2021-04-13 23:34:59.465","92","0","Sell"
"1","1435","1479","2021-04-13 23:34:59.675","0","133","Buy"
"1","1436","-1463","2021-04-13 23:35:00.145","92","0","Sell"
"1","1437","-1460","2021-04-13 23:35:04.868","88","0","Buy"
"1","1438","1482","2021-04-13 23:35:06.164","93","48","Sell"
"1","1439","1483","2021-04-13 23:35:06.311","0","37","Sell"
"1","1440","1484","2021-04-13 23:35:08.128","90","276","Buy"
"1","1441","-1474","2021-04-13 23:35:12.266","89","0","Buy"
"1","1442","1486","2021-04-13 23:35:12.794","89","78","Buy"
"1","1443","1487","2021-04-13 23:35:22.199","91","56","Buy"
"1","1444","1488","2021-04-13 23:35:25.823","91","46","Sell"
"1","1445","1489","2021-04-13 23:35:27.506","93","41","Sell"
"1","1446","-1432","2021-04-13 23:35:29.584","93","0","Sell"
"1","1447","-1419","2021-04-13 23:35:33.018","93","0","Sell"
"1","1448","-1487","2021-04-13 23:35:33.151","91","0","Buy"
"1","1449","-1486","2021-04-13 23:35:34.349","89","0","Buy"
"1","1450","1494","2021-04-13 23:35:34.407","91","49","Buy"
"1","1451","1495","2021-04-13 23:35:35.526","90","24","Buy"
"1","1452","1496","2021-04-13 23:35:37.016","0","87","Sell"
"1","1453","-1495","2021-04-13 23:35:39.200","90","0","Buy"
"1","1454","1498","2021-04-13 23:35:39.301","93","31","Sell"
"1","1455","-1484","2021-04-13 23:35:39.568","90","0","Buy"
"1","1456","1500","2021-04-13 23:35:41.468","87","25","Buy"
"1","1457","1501","2021-04-13 23:35:43.255","0","24","Sell"
"1","1458","1503","2021-04-13 23:35:48.001","93","28","Sell"
"1","1459","1504","2021-04-13 23:35:48.070","91","25","Sell"
"1","1460","-1500","2021-04-13 23:35:48.549","87","0","Buy"
"1","1461","-1504","2021-04-13 23:35:48.812","91","0","Sell"
"1","1462","-1442","2021-04-13 23:35:49.092","93","0","Sell"
"1","1463","1509","2021-04-13 23:35:49.152","90","22","Buy"
"1","1464","1510","2021-04-13 23:35:49.654","91","65","Sell"
"1","1465","1511","2021-04-13 23:35:50.003","89","32","Buy"
"1","1466","1512","2021-04-13 23:35:51.554","89","31","Buy"
"1","1467","1513","2021-04-13 23:35:53.239","89","76","Buy"
"1","1468","1514","2021-04-13 23:35:54.999","91","24","Buy"
"1","1469","1515","2021-04-13 23:35:57.484","90","200","Sell"
"1","1470","1516","2021-04-13 23:35:59.129","0","41","Buy"
"1","1471","1517","2021-04-13 23:35:59.601","89","24","Sell"
"1","1472","1518","2021-04-13 23:35:59.911","89","33","Sell"
"1","1473","1519","2021-04-13 23:36:02.943","0","47","Sell"
"1","1474","-1498","2021-04-13 23:36:09.447","93","0","Sell"
"1","1475","1521","2021-04-13 23:36:11.770","90","610","Buy"
"1","1476","-1510","2021-04-13 23:36:12.311","91","0","Sell"
"1","1477","1523","2021-04-13 23:36:14.221","93","23","Sell"
"1","1478","1524","2021-04-13 23:36:16.274","91","25","Sell"
"1","1479","-1521","2021-04-13 23:36:17.194","90","0","Buy"
"1","1480","1526","2021-04-13 23:36:19.262","88","204","Buy"
"1","1481","-1464","2021-04-13 23:36:20.306","92","0","Sell"
"1","1482","1528","2021-04-13 23:36:21.414","90","24","Buy"
"1","1483","-1526","2021-04-13 23:36:21.597","88","0","Buy"
"1","1484","1530","2021-04-13 23:36:29.266","0","132","Buy"
"1","1485","-1477","2021-04-13 23:36:31.268","92","0","Sell"
"1","1486","-1513","2021-04-13 23:36:31.404","89","0","Buy"
"1","1487","1533","2021-04-13 23:36:31.732","89","34","Buy"
"1","1488","1534","2021-04-13 23:36:34.032","91","44","Buy"
"1","1489","1535","2021-04-13 23:36:47.102","92","30","Buy"
"1","1490","1536","2021-04-13 23:36:47.778","94","30","Sell"
"1","1491","1537","2021-04-13 23:37:06.840","94","24","Sell"
"1","1492","1538","2021-04-13 23:37:08.673","93","43","Buy"
"1","1493","-1528","2021-04-13 23:37:10.563","90","0","Buy"
"1","1494","-1537","2021-04-13 23:37:11.169","94","0","Sell"
"1","1495","1541","2021-04-13 23:37:12.317","93","31","Buy"
"1","1496","1542","2021-04-13 23:37:14.615","94","213","Sell"
"1","1497","-1535","2021-04-13 23:37:15.973","92","0","Buy"
"1","1498","-1536","2021-04-13 23:37:15.998","94","0","Sell"
"1","1499","-1503","2021-04-13 23:37:17.369","93","0","Sell"
"1","1500","1546","2021-04-13 23:37:17.609","92","115","Buy"
"1","1501","1547","2021-04-13 23:37:18.465","0","44","Sell"
"1","1502","-1546","2021-04-13 23:37:18.638","92","0","Buy"
"1","1503","1549","2021-04-13 23:37:18.779","90","160","Buy"
"1","1504","1550","2021-04-13 23:37:19.253","92","33","Buy"
"1","1505","1551","2021-04-13 23:37:19.322","93","73","Buy"
"1","1506","1552","2021-04-13 23:37:19.480","0","72","Buy"
"1","1507","-1549","2021-04-13 23:37:20.115","90","0","Buy"
"1","1508","1554","2021-04-13 23:37:20.711","93","21","Sell"
"1","1509","-1542","2021-04-13 23:37:22.146","94","0","Sell"
"1","1510","1556","2021-04-13 23:37:23.023","94","22","Buy"
"1","1511","1557","2021-04-13 23:37:32.072","95","109","Buy"
"1","1512","1558","2021-04-13 23:37:32.342","96","33","Buy"
"1","1513","1559","2021-04-13 23:37:32.858","97","71","Buy"
"1","1514","1560","2021-04-13 23:37:34.099","96","30","Buy"
"1","1515","-1559","2021-04-13 23:38:07.630","97","0","Buy"
"1","1516","1562","2021-04-13 23:38:08.175","0","562","Sell"
"1","1517","1563","2021-04-13 23:38:13.038","102","27","Sell"
"1","1518","1565","2021-04-13 23:38:28.880","103","39","Sell"
"1","1519","1566","2021-04-13 23:38:31.662","0","60","Buy"
"1","1520","-1565","2021-04-13 23:38:33.438","103","0","Sell"
"1","1521","1568","2021-04-13 23:38:34.609","100","32","Sell"
"1","1522","1569","2021-04-13 23:38:34.834","99","724","Sell"
"1","1523","-1569","2021-04-13 23:38:36.052","99","0","Sell"
"1","1524","1572","2021-04-13 23:38:36.917","0","207","Buy"
"1","1525","1573","2021-04-13 23:38:39.236","102","254","Sell"
"1","1526","1574","2021-04-13 23:38:39.877","0","77","Buy"
"1","1527","1575","2021-04-13 23:38:39.931","92","80","Buy"
"1","1528","-1573","2021-04-13 23:38:41.320","102","0","Sell"
"1","1529","-1575","2021-04-13 23:38:43.712","92","0","Buy"
"1","1530","1580","2021-04-13 23:38:51.222","100","84","Buy"
"1","1531","1581","2021-04-13 23:38:51.460","104","102","Sell"
"1","1532","1582","2021-04-13 23:38:51.514","99","26","Buy"
"1","1533","1583","2021-04-13 23:38:52.250","99","21","Buy"
"1","1534","-1581","2021-04-13 23:38:54.931","104","0","Sell"
"1","1535","1585","2021-04-13 23:38:56.441","101","77","Buy"
"1","1536","1586","2021-04-13 23:38:57.146","0","60","Sell"
"1","1537","1588","2021-04-13 23:38:57.640","0","639","Sell"
"1","1538","1598","2021-04-13 23:39:06.156","107","43","Sell"
"1","1539","1599","2021-04-13 23:39:10.518","106","20","Sell"
"1","1540","-1598","2021-04-13 23:39:10.520","107","0","Sell"
"1","1541","-1599","2021-04-13 23:39:11.335","106","0","Sell"
"1","1542","1602","2021-04-13 23:39:11.906","97","50","Buy"
"1","1543","1603","2021-04-13 23:39:14.628","102","133","Sell"
"1","1544","1604","2021-04-13 23:39:16.253","103","38","Sell"
"1","1545","1605","2021-04-13 23:39:20.558","103","124","Sell"
"1","1546","1607","2021-04-13 23:39:21.330","103","42","Sell"
"1","1547","-1603","2021-04-13 23:39:25.093","102","0","Sell"
"1","1548","1609","2021-04-13 23:39:25.568","102","52","Sell"
"1","1549","-1604","2021-04-13 23:39:26.897","103","0","Sell"
"1","1550","-1607","2021-04-13 23:39:27.259","103","0","Sell"
"1","1551","1613","2021-04-13 23:39:27.662","96","68","Buy"
"1","1552","1614","2021-04-13 23:39:29.501","0","34","Buy"
"1","1553","-1605","2021-04-13 23:39:31.296","103","0","Sell"
"1","1554","-1609","2021-04-13 23:39:32.364","102","0","Sell"
"1","1555","1617","2021-04-13 23:39:32.957","101","82","Sell"
"1","1556","-1617","2021-04-13 23:39:33.024","101","0","Sell"
"1","1557","1620","2021-04-13 23:39:34.976","98","42","Buy"
"1","1558","1622","2021-04-13 23:39:36.520","97","41","Buy"
"1","1559","1623","2021-04-13 23:39:37.221","97","118","Buy"
"1","1560","1625","2021-04-13 23:39:39.074","99","50","Buy"
"1","1561","1626","2021-04-13 23:39:39.828","0","54","Sell"
"1","1562","1630","2021-04-13 23:39:43.392","97","29","Buy"
"1","1563","1631","2021-04-13 23:39:44.838","97","58","Buy"
"1","1564","1632","2021-04-13 23:39:45.945","99","51","Buy"
"1","1565","1633","2021-04-13 23:39:47.612","100","269","Buy"
"1","1566","-1623","2021-04-13 23:39:47.756","97","0","Buy"
"1","1567","1638","2021-04-13 23:39:49.021","99","25","Buy"
"1","1568","1639","2021-04-13 23:39:49.650","101","34","Buy"
"1","1569","-1639","2021-04-13 23:39:49.783","101","0","Buy"
"1","1570","1641","2021-04-13 23:39:49.858","99","31","Buy"
"1","1571","1643","2021-04-13 23:39:50.906","107","39","Sell"
"1","1572","1644","2021-04-13 23:39:50.966","106","99","Sell"
"1","1573","1645","2021-04-13 23:39:51.767","0","41","Sell"
"1","1574","1646","2021-04-13 23:39:52.754","99","39","Buy"
"1","1575","1647","2021-04-13 23:39:54.206","107","20","Sell"
"1","1576","1648","2021-04-13 23:39:55.097","105","76","Sell"
"1","1577","1649","2021-04-13 23:39:56.729","106","48","Sell"
"1","1578","1650","2021-04-13 23:39:58.902","101","36","Buy"
"1","1579","1651","2021-04-13 23:40:01.116","100","31","Buy"
"1","1580","1652","2021-04-13 23:40:01.439","102","97","Buy"
"1","1581","-1644","2021-04-13 23:40:01.566","106","0","Sell"
"1","1582","1654","2021-04-13 23:40:02.897","104","53","Sell"
"1","1583","-1652","2021-04-13 23:40:03.350","102","0","Buy"
"1","1584","-1654","2021-04-13 23:40:04.813","104","0","Sell"
"1","1585","1657","2021-04-13 23:40:04.943","102","39","Buy"
"1","1586","1658","2021-04-13 23:40:05.376","106","55","Sell"
"1","1587","-1657","2021-04-13 23:40:07.304","102","0","Buy"
"1","1588","1660","2021-04-13 23:40:08.242","0","727","Sell"
"1","1589","1661","2021-04-13 23:40:08.708","98","92","Buy"
"1","1590","1662","2021-04-13 23:40:09.710","104","139","Sell"
"1","1591","1663","2021-04-13 23:40:11.172","99","41","Buy"
"1","1592","1664","2021-04-13 23:40:11.828","105","34","Sell"
"1","1593","1665","2021-04-13 23:40:11.936","98","34","Buy"
"1","1594","-1662","2021-04-13 23:40:12.377","104","0","Sell"
"1","1595","1667","2021-04-13 23:40:14.275","100","54","Buy"
"1","1596","1668","2021-04-13 23:40:15.436","99","27","Buy"
"1","1597","1669","2021-04-13 23:40:15.502","0","25","Sell"
"1","1598","-1643","2021-04-13 23:40:16.095","107","0","Sell"
"1","1599","1671","2021-04-13 23:40:20.642","0","70","Sell"
"1","1600","1672","2021-04-13 23:40:23.867","0","82","Buy"
"1","1601","-1665","2021-04-13 23:40:24.510","98","0","Buy"
"1","1602","-1664","2021-04-13 23:40:25.690","105","0","Sell"
"1","1603","-1668","2021-04-13 23:40:26.054","99","0","Buy"
"1","1604","1677","2021-04-13 23:40:26.884","0","45","Sell"
"1","1605","1678","2021-04-13 23:40:26.993","0","55","Sell"
"1","1606","1679","2021-04-13 23:40:27.116","97","68","Buy"
"1","1607","1680","2021-04-13 23:40:27.556","0","68","Sell"
"1","1608","1681","2021-04-13 23:40:27.826","0","23","Buy"
"1","1609","1682","2021-04-13 23:40:28.566","96","42","Buy"
"1","1610","-1682","2021-04-13 23:40:29.397","96","0","Buy"
"1","1611","1684","2021-04-13 23:40:29.763","105","25","Buy"
"1","1612","1685","2021-04-13 23:40:31.469","104","533","Buy"
"1","1613","1686","2021-04-13 23:40:33.899","107","1945","Sell"
"1","1614","1687","2021-04-13 23:40:35.192","106","25","Buy"
"1","1615","1688","2021-04-13 23:40:36.717","106","50","Buy"
"1","1616","1689","2021-04-13 23:40:36.719","105","49","Sell"
"1","1617","-1685","2021-04-13 23:40:37.134","104","0","Buy"
"1","1618","1691","2021-04-13 23:40:37.457","99","27","Buy"
"1","1619","1692","2021-04-13 23:40:38.430","98","232","Buy"
"1","1620","1693","2021-04-13 23:40:40.070","0","84","Sell"
"1","1621","1694","2021-04-13 23:40:40.193","106","39","Sell"
"1","1622","1695","2021-04-13 23:40:41.935","106","28","Sell"
"1","1623","1696","2021-04-13 23:40:43.292","0","50","Sell"
"1","1624","1697","2021-04-13 23:40:43.298","99","46","Buy"
"1","1625","1698","2021-04-13 23:40:43.700","0","48","Sell"
"1","1626","-1689","2021-04-13 23:40:44.018","105","0","Sell"
"1","1627","1702","2021-04-13 23:40:44.044","99","51","Buy"
"1","1628","-1647","2021-04-13 23:40:44.707","107","0","Sell"
"1","1629","1704","2021-04-13 23:40:44.821","100","61","Buy"
"1","1630","-1692","2021-04-13 23:40:45.554","98","0","Buy"
"1","1631","-1704","2021-04-13 23:40:46.043","100","0","Buy"
"1","1632","1707","2021-04-13 23:40:46.550","100","54","Buy"
"1","1633","1708","2021-04-13 23:40:47.056","101","232","Buy"
"1","1634","-1686","2021-04-13 23:40:47.270","107","0","Sell"
"1","1635","1710","2021-04-13 23:40:49.990","100","24","Buy"
"1","1636","-1695","2021-04-13 23:40:56.399","106","0","Sell"
"1","1637","1713","2021-04-13 23:40:58.686","100","48","Buy"
"1","1638","1714","2021-04-13 23:40:59.919","100","21","Buy"
"1","1639","1715","2021-04-13 23:41:00.087","0","141","Sell"
"1","1640","1716","2021-04-13 23:41:08.287","0","103","Buy"
"1","1641","1719","2021-04-13 23:41:14.218","109","23","Sell"
"1","1642","1720","2021-04-13 23:41:14.418","108","21","Sell"
"1","1643","-1713","2021-04-13 23:41:14.650","100","0","Buy"
"1","1644","-1719","2021-04-13 23:41:15.433","109","0","Sell"
"1","1645","1723","2021-04-13 23:41:15.452","100","22","Buy"
"1","1646","1724","2021-04-13 23:41:15.777","0","79","Buy"
"1","1647","1726","2021-04-13 23:41:17.790","102","25","Buy"
"1","1648","1727","2021-04-13 23:41:18.311","112","22","Sell"
"1","1649","1728","2021-04-13 23:41:20.414","113","29","Sell"
"1","1650","1729","2021-04-13 23:41:21.444","113","48","Sell"
"1","1651","1730","2021-04-13 23:41:21.746","113","76","Sell"
"1","1652","-1726","2021-04-13 23:41:23.111","102","0","Buy"
"1","1653","-1727","2021-04-13 23:41:23.281","112","0","Sell"
"1","1654","1733","2021-04-13 23:41:24.918","102","56","Buy"
"1","1655","1734","2021-04-13 23:41:25.512","0","61","Sell"
"1","1656","-1708","2021-04-13 23:41:26.565","101","0","Buy"
"1","1657","1737","2021-04-13 23:41:26.985","101","24","Buy"
"1","1658","1738","2021-04-13 23:41:27.212","112","48","Sell"
"1","1659","1739","2021-04-13 23:41:27.599","100","66","Buy"
"1","1660","1740","2021-04-13 23:41:29.936","100","28","Buy"
"1","1661","1741","2021-04-13 23:41:31.493","102","63","Buy"
"1","1662","1742","2021-04-13 23:41:36.512","111","52","Sell"
"1","1663","-1742","2021-04-13 23:41:38.423","111","0","Sell"
"1","1664","1744","2021-04-13 23:41:40.864","101","121","Buy"
"1","1665","-1729","2021-04-13 23:41:41.867","113","0","Sell"
"1","1666","-1730","2021-04-13 23:41:44.784","113","0","Sell"
"1","1667","1747","2021-04-13 23:41:45.605","0","29","Sell"
"1","1668","1748","2021-04-13 23:41:46.444","111","100","Sell"
"1","1669","1749","2021-04-13 23:41:47.192","112","41","Sell"
"1","1670","1750","2021-04-13 23:41:48.201","110","26","Sell"
"1","1671","-1748","2021-04-13 23:41:49.981","111","0","Sell"
"1","1672","1752","2021-04-13 23:41:51.633","103","125","Buy"
"1","1673","1753","2021-04-13 23:41:51.739","0","24","Buy"
"1","1674","1754","2021-04-13 23:41:52.732","0","20","Buy"
"1","1675","-1749","2021-04-13 23:41:54.704","112","0","Sell"
"1","1676","1756","2021-04-13 23:41:56.248","0","109","Sell"
"1","1677","1757","2021-04-13 23:41:56.825","104","21","Buy"
"1","1678","1758","2021-04-13 23:42:03.201","103","23","Buy"
"1","1679","1759","2021-04-13 23:42:08.753","105","23","Buy"
"1","1680","1760","2021-04-13 23:42:09.399","111","172","Sell"
"1","1681","1761","2021-04-13 23:42:10.391","112","36","Sell"
"1","1682","1762","2021-04-13 23:42:12.576","104","31","Buy"
"1","1683","1763","2021-04-13 23:42:12.787","104","20","Buy"
"1","1684","1764","2021-04-13 23:42:13.020","104","33","Buy"
"1","1685","1765","2021-04-13 23:42:13.080","106","167","Buy"
