"SecurityId","OrderId","ClientOrderId","DateTime","Price","Volume","Side"
"1","1","1","2021-04-14 19:22:51.627","100","618","Sell"
"1","2","2","2021-04-14 19:22:51.909","98","62","Buy"
"1","3","3","2021-04-14 19:22:51.918","0","90","Sell"
"1","4","5","2021-04-14 19:22:51.923","99","37","Sell"
"1","5","6","2021-04-14 19:22:51.927","98","175","Sell"
"1","6","-5","2021-04-14 19:22:52.570","99","0","Sell"
"1","7","8","2021-04-14 19:22:52.573","88","50","Buy"
"1","8","9","2021-04-14 19:22:52.575","89","22","Buy"
"1","9","-6","2021-04-14 19:22:52.653","98","0","Sell"
"1","10","11","2021-04-14 19:22:52.655","101","21","Sell"
"1","11","12","2021-04-14 19:22:52.657","90","42","Buy"
"1","12","13","2021-04-14 19:22:52.658","99","122","Sell"
"1","13","14","2021-04-14 19:22:52.660","0","53","Sell"
"1","14","15","2021-04-14 19:22:52.662","98","28","Sell"
"1","15","16","2021-04-14 19:22:52.664","99","25","Sell"
"1","16","17","2021-04-14 19:22:52.666","88","37","Buy"
"1","17","18","2021-04-14 19:22:52.668","90","22","Buy"
"1","18","19","2021-04-14 19:22:52.669","97","54","Sell"
"1","19","20","2021-04-14 19:22:52.671","91","22","Buy"
"1","20","21","2021-04-14 19:22:52.673","90","53","Buy"
"1","21","22","2021-04-14 19:22:52.674","92","2235","Buy"
"1","22","23","2021-04-14 19:22:52.676","91","42","Buy"
"1","23","-23","2021-04-14 19:22:52.681","91","0","Buy"
"1","24","-22","2021-04-14 19:22:52.684","92","0","Buy"
"1","25","-1","2021-04-14 19:22:52.688","100","0","Sell"
"1","26","27","2021-04-14 19:22:52.690","0","344","Sell"
"1","27","-11","2021-04-14 19:22:52.694","101","0","Sell"
"1","28","-15","2021-04-14 19:22:52.697","98","0","Sell"
"1","29","-19","2021-04-14 19:22:52.701","97","0","Sell"
"1","30","35","2021-04-14 19:22:52.706","92","171","Buy"
"1","31","36","2021-04-14 19:22:52.708","91","36","Buy"
"1","32","38","2021-04-14 19:22:52.712","100","47","Sell"
"1","33","-35","2021-04-14 19:22:52.716","92","0","Buy"
"1","34","40","2021-04-14 19:22:52.717","100","40","Sell"
"1","35","41","2021-04-14 19:22:52.719","92","64","Buy"
"1","36","42","2021-04-14 19:22:52.721","98","24","Sell"
"1","37","43","2021-04-14 19:22:52.723","97","31","Sell"
"1","38","-43","2021-04-14 19:22:52.726","97","0","Sell"
"1","39","45","2021-04-14 19:22:52.728","91","28","Buy"
"1","40","-38","2021-04-14 19:22:52.731","100","0","Sell"
"1","41","-41","2021-04-14 19:22:52.735","92","0","Buy"
"1","42","48","2021-04-14 19:22:52.737","90","53","Buy"
"1","43","-45","2021-04-14 19:22:52.740","91","0","Buy"
"1","44","50","2021-04-14 19:22:52.743","99","27","Sell"
"1","45","51","2021-04-14 19:22:52.744","99","22","Sell"
"1","46","52","2021-04-14 19:22:52.747","90","90","Buy"
"1","47","53","2021-04-14 19:22:52.748","0","119","Buy"
"1","48","54","2021-04-14 19:22:52.750","98","22","Sell"
"1","49","55","2021-04-14 19:22:52.753","0","72","Buy"
"1","50","56","2021-04-14 19:22:52.755","92","27","Buy"
"1","51","-40","2021-04-14 19:22:52.758","100","0","Sell"
"1","52","-48","2021-04-14 19:22:52.762","90","0","Buy"
"1","53","-36","2021-04-14 19:22:52.765","91","0","Buy"
"1","54","61","2021-04-14 19:22:52.768","93","55","Buy"
"1","55","62","2021-04-14 19:22:52.770","94","23","Buy"
"1","56","63","2021-04-14 19:22:52.772","98","62","Sell"
"1","57","64","2021-04-14 19:22:52.774","95","156","Buy"
"1","58","-62","2021-04-14 19:22:52.777","94","0","Buy"
"1","59","66","2021-04-14 19:22:52.779","0","64","Sell"
"1","60","67","2021-04-14 19:22:52.781","0","91","Buy"
"1","61","69","2021-04-14 19:22:52.785","94","24","Buy"
"1","62","71","2021-04-14 19:22:52.789","94","29","Buy"
"1","63","72","2021-04-14 19:22:52.790","98","117","Sell"
"1","64","-52","2021-04-14 19:22:52.794","90","0","Buy"
"1","65","74","2021-04-14 19:22:52.795","0","59","Buy"
"1","66","-72","2021-04-14 19:22:52.799","98","0","Sell"
"1","67","76","2021-04-14 19:22:52.800","100","28","Sell"
"1","68","77","2021-04-14 19:22:52.803","0","263","Sell"
"1","69","79","2021-04-14 19:22:52.805","100","39","Sell"
"1","70","80","2021-04-14 19:22:52.807","93","21","Buy"
"1","71","-51","2021-04-14 19:22:52.810","99","0","Sell"
"1","72","82","2021-04-14 19:22:52.812","99","26","Sell"
"1","73","83","2021-04-14 19:22:52.814","98","31","Sell"
"1","74","84","2021-04-14 19:22:52.815","97","62","Sell"
"1","75","85","2021-04-14 19:22:52.817","96","68","Sell"
"1","76","86","2021-04-14 19:22:52.819","97","25","Sell"
"1","77","-85","2021-04-14 19:22:52.823","96","0","Sell"
"1","78","88","2021-04-14 19:22:52.824","98","33","Sell"
"1","79","89","2021-04-14 19:22:52.826","96","97","Sell"
"1","80","-83","2021-04-14 19:22:52.829","98","0","Sell"
"1","81","-89","2021-04-14 19:22:52.832","96","0","Sell"
"1","82","92","2021-04-14 19:22:52.834","96","83","Sell"
"1","83","-82","2021-04-14 19:22:52.837","99","0","Sell"
"1","84","-80","2021-04-14 19:22:52.841","93","0","Buy"
"1","85","96","2021-04-14 19:22:52.843","92","220","Buy"
"1","86","-96","2021-04-14 19:22:52.846","92","0","Buy"
"1","87","-92","2021-04-14 19:22:52.849","96","0","Sell"
"1","88","-76","2021-04-14 19:22:52.852","100","0","Sell"
"1","89","100","2021-04-14 19:22:52.853","98","174","Sell"
"1","90","-88","2021-04-14 19:22:52.856","98","0","Sell"
"1","91","102","2021-04-14 19:22:52.858","96","47","Sell"
"1","92","103","2021-04-14 19:22:52.860","97","13418","Sell"
"1","93","105","2021-04-14 19:22:52.862","97","23","Sell"
"1","94","106","2021-04-14 19:22:52.864","89","23","Buy"
"1","95","-86","2021-04-14 19:22:52.867","97","0","Sell"
"1","96","-106","2021-04-14 19:22:52.870","89","0","Buy"
"1","97","109","2021-04-14 19:22:52.871","87","46","Buy"
"1","98","110","2021-04-14 19:22:52.873","86","32","Buy"
"1","99","-110","2021-04-14 19:22:52.876","86","0","Buy"
"1","100","112","2021-04-14 19:22:52.878","88","20","Buy"
"1","101","113","2021-04-14 19:22:52.880","89","42","Buy"
"1","102","114","2021-04-14 19:22:52.881","88","105","Buy"
"1","103","115","2021-04-14 19:22:52.883","88","29","Buy"
"1","104","-102","2021-04-14 19:22:52.886","96","0","Sell"
"1","105","-113","2021-04-14 19:22:52.890","89","0","Buy"
"1","106","118","2021-04-14 19:22:52.891","87","21","Buy"
"1","107","119","2021-04-14 19:22:52.893","98","46","Sell"
"1","108","-118","2021-04-14 19:22:52.896","87","0","Buy"
"1","109","-79","2021-04-14 19:22:52.899","100","0","Sell"
"1","110","122","2021-04-14 19:22:52.900","89","125","Buy"
"1","111","123","2021-04-14 19:22:52.902","96","35","Sell"
"1","112","124","2021-04-14 19:22:52.904","88","99","Buy"
"1","113","125","2021-04-14 19:22:52.905","90","42","Buy"
"1","114","126","2021-04-14 19:22:52.907","0","145","Sell"
"1","115","127","2021-04-14 19:22:52.908","90","22","Buy"
"1","116","128","2021-04-14 19:22:52.910","95","45","Sell"
"1","117","129","2021-04-14 19:22:52.911","96","112","Sell"
"1","118","130","2021-04-14 19:22:52.913","0","1113","Sell"
"1","119","131","2021-04-14 19:22:52.914","0","213","Buy"
"1","120","132","2021-04-14 19:22:52.916","94","27","Buy"
"1","121","133","2021-04-14 19:22:52.918","98","44","Sell"
"1","122","134","2021-04-14 19:22:52.919","0","505","Buy"
"1","123","135","2021-04-14 19:22:52.921","95","66","Buy"
"1","124","-133","2021-04-14 19:22:52.923","98","0","Sell"
"1","125","-135","2021-04-14 19:22:52.926","95","0","Buy"
"1","126","-105","2021-04-14 19:22:52.929","97","0","Sell"
"1","127","139","2021-04-14 19:22:52.931","95","38","Buy"
"1","128","-103","2021-04-14 19:22:52.934","97","0","Sell"
"1","129","141","2021-04-14 19:22:52.936","99","281","Sell"
"1","130","142","2021-04-14 19:22:52.938","94","113","Buy"
"1","131","-119","2021-04-14 19:22:52.940","98","0","Sell"
"1","132","144","2021-04-14 19:22:52.942","97","27","Sell"
"1","133","145","2021-04-14 19:22:52.944","94","27","Buy"
"1","134","146","2021-04-14 19:22:52.945","0","158","Sell"
"1","135","-142","2021-04-14 19:22:52.948","94","0","Buy"
"1","136","148","2021-04-14 19:22:52.949","93","9006","Buy"
"1","137","149","2021-04-14 19:22:52.951","98","83","Sell"
"1","138","-141","2021-04-14 19:22:52.953","99","0","Sell"
"1","139","-145","2021-04-14 19:22:52.956","94","0","Buy"
"1","140","152","2021-04-14 19:22:52.957","96","27","Sell"
"1","141","153","2021-04-14 19:22:52.959","95","40","Sell"
"1","142","154","2021-04-14 19:22:52.961","94","27","Sell"
"1","143","155","2021-04-14 19:22:52.962","0","72","Buy"
"1","144","-148","2021-04-14 19:22:52.965","93","0","Buy"
"1","145","157","2021-04-14 19:22:52.966","92","35","Buy"
"1","146","158","2021-04-14 19:22:52.968","93","70","Buy"
"1","147","159","2021-04-14 19:22:52.970","97","32","Sell"
"1","148","160","2021-04-14 19:22:52.971","97","137","Sell"
"1","149","161","2021-04-14 19:22:52.972","95","100","Sell"
"1","150","162","2021-04-14 19:22:52.974","96","30","Sell"
"1","151","-100","2021-04-14 19:22:52.977","98","0","Sell"
"1","152","-157","2021-04-14 19:22:52.980","92","0","Buy"
"1","153","166","2021-04-14 19:22:52.984","94","272","Buy"
"1","154","167","2021-04-14 19:22:52.985","94","51","Sell"
"1","155","168","2021-04-14 19:22:52.987","96","216","Sell"
"1","156","-166","2021-04-14 19:22:52.990","94","0","Buy"
"1","157","170","2021-04-14 19:22:52.991","92","21","Buy"
"1","158","171","2021-04-14 19:22:52.993","94","29","Buy"
"1","159","-171","2021-04-14 19:22:52.996","94","0","Buy"
"1","160","173","2021-04-14 19:22:52.997","94","24","Sell"
"1","161","174","2021-04-14 19:22:52.999","92","27","Buy"
"1","162","-158","2021-04-14 19:22:53.002","93","0","Buy"
"1","163","176","2021-04-14 19:22:53.004","0","75","Buy"
"1","164","-170","2021-04-14 19:22:53.006","92","0","Buy"
"1","165","-174","2021-04-14 19:22:53.009","92","0","Buy"
"1","166","-161","2021-04-14 19:22:53.012","95","0","Sell"
"1","167","180","2021-04-14 19:22:53.013","95","24","Sell"
"1","168","-162","2021-04-14 19:22:53.016","96","0","Sell"
"1","169","184","2021-04-14 19:22:53.018","0","50","Buy"
"1","170","185","2021-04-14 19:22:53.019","90","96","Buy"
"1","171","-185","2021-04-14 19:22:53.022","90","0","Buy"
"1","172","188","2021-04-14 19:22:53.024","0","153","Buy"
"1","173","189","2021-04-14 19:22:53.026","88","79","Buy"
"1","174","190","2021-04-14 19:22:53.027","89","24","Buy"
"1","175","191","2021-04-14 19:22:53.029","90","33","Buy"
"1","176","-168","2021-04-14 19:22:53.031","96","0","Sell"
"1","177","193","2021-04-14 19:22:53.033","0","104","Buy"
"1","178","194","2021-04-14 19:22:53.035","96","27","Sell"
"1","179","-149","2021-04-14 19:22:53.038","98","0","Sell"
"1","180","196","2021-04-14 19:22:53.039","89","109","Buy"
"1","181","197","2021-04-14 19:22:53.041","95","37","Sell"
"1","182","-194","2021-04-14 19:22:53.044","96","0","Sell"
"1","183","-191","2021-04-14 19:22:53.047","90","0","Buy"
"1","184","200","2021-04-14 19:22:53.048","94","58","Sell"
"1","185","201","2021-04-14 19:22:53.050","95","26","Sell"
"1","186","-201","2021-04-14 19:22:53.053","95","0","Sell"
"1","187","-189","2021-04-14 19:22:53.056","88","0","Buy"
"1","188","-200","2021-04-14 19:22:53.059","94","0","Sell"
"1","189","205","2021-04-14 19:22:53.060","90","187","Buy"
"1","190","-190","2021-04-14 19:22:53.063","89","0","Buy"
"1","191","207","2021-04-14 19:22:53.064","96","99","Sell"
"1","192","208","2021-04-14 19:22:53.066","91","145","Buy"
"1","193","-205","2021-04-14 19:22:53.069","90","0","Buy"
"1","194","-208","2021-04-14 19:22:53.072","91","0","Buy"
"1","195","211","2021-04-14 19:22:53.073","0","142","Sell"
"1","196","213","2021-04-14 19:22:53.075","94","49","Sell"
"1","197","214","2021-04-14 19:22:53.077","0","106","Buy"
"1","198","215","2021-04-14 19:22:53.078","91","52","Buy"
"1","199","216","2021-04-14 19:22:53.080","97","51","Sell"
"1","200","-160","2021-04-14 19:22:53.084","97","0","Sell"
"1","201","219","2021-04-14 19:22:53.085","97","45","Sell"
"1","202","-207","2021-04-14 19:22:53.088","96","0","Sell"
"1","203","221","2021-04-14 19:22:53.090","90","42","Buy"
"1","204","222","2021-04-14 19:22:53.091","96","49","Sell"
"1","205","223","2021-04-14 19:22:53.093","92","29","Buy"
"1","206","224","2021-04-14 19:22:53.095","0","55","Sell"
"1","207","225","2021-04-14 19:22:53.096","0","565","Buy"
"1","208","228","2021-04-14 19:22:53.099","99","45","Sell"
"1","209","-228","2021-04-14 19:22:53.101","99","0","Sell"
"1","210","-221","2021-04-14 19:22:53.104","90","0","Buy"
"1","211","231","2021-04-14 19:22:53.106","97","88","Sell"
"1","212","232","2021-04-14 19:22:53.107","96","21","Sell"
"1","213","-215","2021-04-14 19:22:53.110","91","0","Buy"
"1","214","234","2021-04-14 19:22:53.112","86","21","Buy"
"1","215","-234","2021-04-14 19:22:53.116","86","0","Buy"
"1","216","-231","2021-04-14 19:22:53.118","97","0","Sell"
"1","217","-232","2021-04-14 19:22:53.121","96","0","Sell"
"1","218","239","2021-04-14 19:22:53.122","95","64","Buy"
"1","219","240","2021-04-14 19:22:53.124","97","21","Sell"
"1","220","241","2021-04-14 19:22:53.125","96","27","Buy"
"1","221","-239","2021-04-14 19:22:53.128","95","0","Buy"
"1","222","243","2021-04-14 19:22:53.129","97","28","Buy"
"1","223","244","2021-04-14 19:22:53.131","98","24","Buy"
"1","224","245","2021-04-14 19:22:53.132","99","54","Sell"
"1","225","-245","2021-04-14 19:22:53.135","99","0","Sell"
"1","226","247","2021-04-14 19:22:53.136","97","72","Buy"
"1","227","248","2021-04-14 19:22:53.138","97","174","Buy"
"1","228","249","2021-04-14 19:22:53.140","104","28","Sell"
"1","229","250","2021-04-14 19:22:53.141","0","194","Buy"
"1","230","252","2021-04-14 19:22:53.143","104","22","Sell"
"1","231","-241","2021-04-14 19:22:53.146","96","0","Buy"
"1","232","254","2021-04-14 19:22:53.147","103","24","Sell"
"1","233","-254","2021-04-14 19:22:53.150","103","0","Sell"
"1","234","-252","2021-04-14 19:22:53.153","104","0","Sell"
"1","235","257","2021-04-14 19:22:53.155","107","33","Sell"
"1","236","258","2021-04-14 19:22:53.156","0","115","Sell"
"1","237","259","2021-04-14 19:22:53.158","98","59","Buy"
"1","238","260","2021-04-14 19:22:53.159","108","21","Sell"
"1","239","261","2021-04-14 19:22:53.160","97","23","Buy"
"1","240","262","2021-04-14 19:22:53.162","99","67","Buy"
"1","241","-262","2021-04-14 19:22:53.165","99","0","Buy"
"1","242","-248","2021-04-14 19:22:53.167","97","0","Buy"
"1","243","265","2021-04-14 19:22:53.168","97","30","Buy"
"1","244","-259","2021-04-14 19:22:53.171","98","0","Buy"
"1","245","267","2021-04-14 19:22:53.173","108","28","Sell"
"1","246","268","2021-04-14 19:22:53.174","96","114","Buy"
"1","247","269","2021-04-14 19:22:53.175","0","86","Sell"
"1","248","270","2021-04-14 19:22:53.177","106","697","Sell"
"1","249","-260","2021-04-14 19:22:53.180","108","0","Sell"
"1","250","-267","2021-04-14 19:22:53.183","108","0","Sell"
"1","251","-268","2021-04-14 19:22:53.186","96","0","Buy"
"1","252","274","2021-04-14 19:22:53.187","105","31","Sell"
"1","253","275","2021-04-14 19:22:53.189","101","35","Buy"
"1","254","-275","2021-04-14 19:22:53.192","101","0","Buy"
"1","255","-274","2021-04-14 19:22:53.195","105","0","Sell"
"1","256","279","2021-04-14 19:22:53.196","101","261","Buy"
"1","257","-270","2021-04-14 19:22:53.199","106","0","Sell"
"1","258","282","2021-04-14 19:22:53.202","100","24","Buy"
"1","259","283","2021-04-14 19:22:53.204","102","39","Buy"
"1","260","-283","2021-04-14 19:22:53.207","102","0","Buy"
"1","261","285","2021-04-14 19:22:53.208","102","30","Buy"
"1","262","286","2021-04-14 19:22:53.209","103","29","Buy"
"1","263","288","2021-04-14 19:22:53.212","102","1077","Buy"
"1","264","289","2021-04-14 19:22:53.214","106","32","Sell"
"1","265","290","2021-04-14 19:22:53.215","102","180","Buy"
"1","266","291","2021-04-14 19:22:53.217","105","22","Sell"
"1","267","-286","2021-04-14 19:22:53.220","103","0","Buy"
"1","268","293","2021-04-14 19:22:53.221","0","89","Buy"
"1","269","294","2021-04-14 19:22:53.223","107","25","Sell"
"1","270","295","2021-04-14 19:22:53.224","103","33","Buy"
"1","271","296","2021-04-14 19:22:53.225","0","153","Buy"
"1","272","297","2021-04-14 19:22:53.227","102","39","Buy"
"1","273","298","2021-04-14 19:22:53.228","0","78","Sell"
"1","274","301","2021-04-14 19:22:53.230","0","114","Sell"
"1","275","302","2021-04-14 19:22:53.231","0","50","Sell"
"1","276","303","2021-04-14 19:22:53.232","101","31","Buy"
"1","277","304","2021-04-14 19:22:53.234","107","108","Sell"
"1","278","305","2021-04-14 19:22:53.235","103","68","Buy"
"1","279","-304","2021-04-14 19:22:53.238","107","0","Sell"
"1","280","307","2021-04-14 19:22:53.239","102","22","Buy"
"1","281","308","2021-04-14 19:22:53.241","104","22","Sell"
"1","282","309","2021-04-14 19:22:53.242","105","37","Sell"
"1","283","-282","2021-04-14 19:22:53.246","100","0","Buy"
"1","284","-309","2021-04-14 19:22:53.248","105","0","Sell"
"1","285","-308","2021-04-14 19:22:53.251","104","0","Sell"
"1","286","313","2021-04-14 19:22:53.252","109","39","Sell"
"1","287","314","2021-04-14 19:22:53.253","108","22","Sell"
"1","288","-314","2021-04-14 19:22:53.256","108","0","Sell"
"1","289","316","2021-04-14 19:22:53.257","102","53","Buy"
"1","290","-305","2021-04-14 19:22:53.260","103","0","Buy"
"1","291","318","2021-04-14 19:22:53.262","108","23","Sell"
"1","292","-279","2021-04-14 19:22:53.265","101","0","Buy"
"1","293","320","2021-04-14 19:22:53.266","101","20","Buy"
"1","294","321","2021-04-14 19:22:53.267","107","79","Sell"
"1","295","322","2021-04-14 19:22:53.268","106","104","Sell"
"1","296","323","2021-04-14 19:22:53.270","0","65","Buy"
"1","297","324","2021-04-14 19:22:53.271","0","514","Sell"
"1","298","325","2021-04-14 19:22:53.272","101","23","Buy"
"1","299","-320","2021-04-14 19:22:53.275","101","0","Buy"
"1","300","-297","2021-04-14 19:22:53.278","102","0","Buy"
"1","301","-318","2021-04-14 19:22:53.281","108","0","Sell"
"1","302","-321","2021-04-14 19:22:53.284","107","0","Sell"
"1","303","330","2021-04-14 19:22:53.285","101","26","Buy"
"1","304","-303","2021-04-14 19:22:53.288","101","0","Buy"
"1","305","332","2021-04-14 19:22:53.289","105","88","Sell"
"1","306","333","2021-04-14 19:22:53.290","101","37","Buy"
"1","307","334","2021-04-14 19:22:53.292","0","53","Sell"
"1","308","335","2021-04-14 19:22:53.293","106","181","Sell"
"1","309","336","2021-04-14 19:22:53.294","101","23","Buy"
"1","310","337","2021-04-14 19:22:53.296","104","32","Sell"
"1","311","338","2021-04-14 19:22:53.297","0","151","Buy"
"1","312","339","2021-04-14 19:22:53.298","105","65","Sell"
"1","313","-339","2021-04-14 19:22:53.301","105","0","Sell"
"1","314","341","2021-04-14 19:22:53.303","105","30","Sell"
"1","315","-335","2021-04-14 19:22:53.306","106","0","Sell"
"1","316","343","2021-04-14 19:22:53.307","101","50","Buy"
"1","317","344","2021-04-14 19:22:53.309","104","102","Sell"
"1","318","345","2021-04-14 19:22:53.310","0","87","Buy"
"1","319","346","2021-04-14 19:22:53.312","101","31","Buy"
"1","320","-344","2021-04-14 19:22:53.315","104","0","Sell"
"1","321","348","2021-04-14 19:22:53.316","103","25","Buy"
"1","322","349","2021-04-14 19:22:53.318","106","25","Sell"
"1","323","350","2021-04-14 19:22:53.319","104","23","Buy"
"1","324","-330","2021-04-14 19:22:53.322","101","0","Buy"
"1","325","352","2021-04-14 19:22:53.323","106","53","Sell"
"1","326","-350","2021-04-14 19:22:53.326","104","0","Buy"
"1","327","-322","2021-04-14 19:22:53.329","106","0","Sell"
"1","328","355","2021-04-14 19:22:53.330","102","33","Buy"
"1","329","-348","2021-04-14 19:22:53.333","103","0","Buy"
"1","330","357","2021-04-14 19:22:53.335","104","21","Sell"
"1","331","-290","2021-04-14 19:22:53.338","102","0","Buy"
"1","332","-336","2021-04-14 19:22:53.341","101","0","Buy"
"1","333","360","2021-04-14 19:22:53.342","105","247","Sell"
"1","334","361","2021-04-14 19:22:53.343","103","87","Sell"
"1","335","-333","2021-04-14 19:22:53.346","101","0","Buy"
"1","336","363","2021-04-14 19:22:53.348","102","21","Sell"
"1","337","-361","2021-04-14 19:22:53.351","103","0","Sell"
"1","338","365","2021-04-14 19:22:53.352","0","147","Buy"
"1","339","366","2021-04-14 19:22:53.354","104","81","Sell"
"1","340","367","2021-04-14 19:22:53.355","105","22","Sell"
"1","341","-288","2021-04-14 19:22:53.358","102","0","Buy"
"1","342","-366","2021-04-14 19:22:53.360","104","0","Sell"
"1","343","370","2021-04-14 19:22:53.362","101","51","Buy"
"1","344","371","2021-04-14 19:22:53.363","106","21","Sell"
"1","345","372","2021-04-14 19:22:53.364","101","49","Buy"
"1","346","373","2021-04-14 19:22:53.366","0","305","Sell"
"1","347","-367","2021-04-14 19:22:53.369","105","0","Sell"
"1","348","-313","2021-04-14 19:22:53.372","109","0","Sell"
"1","349","-352","2021-04-14 19:22:53.374","106","0","Sell"
"1","350","-360","2021-04-14 19:22:53.377","105","0","Sell"
"1","351","379","2021-04-14 19:22:53.380","0","193","Buy"
"1","352","381","2021-04-14 19:22:53.382","100","40","Buy"
"1","353","382","2021-04-14 19:22:53.383","103","31","Sell"
"1","354","384","2021-04-14 19:22:53.386","104","106","Sell"
"1","355","385","2021-04-14 19:22:53.387","102","25","Sell"
"1","356","386","2021-04-14 19:22:53.388","102","3369","Buy"
"1","357","387","2021-04-14 19:22:53.390","0","77","Sell"
"1","358","-386","2021-04-14 19:22:53.392","102","0","Buy"
"1","359","389","2021-04-14 19:22:53.394","100","79","Buy"
"1","360","-384","2021-04-14 19:22:53.396","104","0","Sell"
"1","361","391","2021-04-14 19:22:53.397","104","41","Sell"
"1","362","392","2021-04-14 19:22:53.399","102","25","Buy"
"1","363","-372","2021-04-14 19:22:53.401","101","0","Buy"
"1","364","-381","2021-04-14 19:22:53.404","100","0","Buy"
"1","365","-382","2021-04-14 19:22:53.407","103","0","Sell"
"1","366","396","2021-04-14 19:22:53.408","0","3041","Buy"
"1","367","397","2021-04-14 19:22:53.410","101","181","Buy"
"1","368","398","2021-04-14 19:22:53.411","101","115","Buy"
"1","369","399","2021-04-14 19:22:53.413","103","22","Buy"
"1","370","400","2021-04-14 19:22:53.414","108","9334","Sell"
"1","371","401","2021-04-14 19:22:53.415","109","28","Sell"
"1","372","402","2021-04-14 19:22:53.417","107","44","Sell"
"1","373","403","2021-04-14 19:22:53.418","104","29","Buy"
"1","374","404","2021-04-14 19:22:53.419","108","38","Sell"
"1","375","405","2021-04-14 19:22:53.421","0","54","Buy"
"1","376","406","2021-04-14 19:22:53.422","109","53","Sell"
"1","377","-392","2021-04-14 19:22:53.425","102","0","Buy"
"1","378","408","2021-04-14 19:22:53.426","107","34","Sell"
"1","379","409","2021-04-14 19:22:53.428","108","25","Sell"
"1","380","410","2021-04-14 19:22:53.429","105","43","Buy"
"1","381","-410","2021-04-14 19:22:53.432","105","0","Buy"
"1","382","412","2021-04-14 19:22:53.434","105","20","Buy"
"1","383","-412","2021-04-14 19:22:53.437","105","0","Buy"
"1","384","-408","2021-04-14 19:22:53.440","107","0","Sell"
"1","385","415","2021-04-14 19:22:53.442","0","63","Sell"
"1","386","416","2021-04-14 19:22:53.443","100","62","Buy"
"1","387","-401","2021-04-14 19:22:53.446","109","0","Sell"
"1","388","-397","2021-04-14 19:22:53.449","101","0","Buy"
"1","389","-416","2021-04-14 19:22:53.452","100","0","Buy"
"1","390","420","2021-04-14 19:22:53.453","0","51","Buy"
"1","391","-398","2021-04-14 19:22:53.456","101","0","Buy"
"1","392","422","2021-04-14 19:22:53.457","101","47","Buy"
"1","393","423","2021-04-14 19:22:53.459","107","43","Sell"
"1","394","424","2021-04-14 19:22:53.460","0","566","Sell"
"1","395","-423","2021-04-14 19:22:53.462","107","0","Sell"
"1","396","426","2021-04-14 19:22:53.464","107","29","Sell"
"1","397","427","2021-04-14 19:22:53.465","100","24","Buy"
"1","398","428","2021-04-14 19:22:53.466","108","31","Sell"
"1","399","429","2021-04-14 19:22:53.467","101","45","Buy"
"1","400","430","2021-04-14 19:22:53.469","0","161","Buy"
"1","401","431","2021-04-14 19:22:53.470","107","33","Sell"
"1","402","432","2021-04-14 19:22:53.471","108","30","Sell"
"1","403","433","2021-04-14 19:22:53.472","102","315","Buy"
"1","404","434","2021-04-14 19:22:53.474","108","29","Sell"
"1","405","-433","2021-04-14 19:22:53.476","102","0","Buy"
"1","406","-427","2021-04-14 19:22:53.479","100","0","Buy"
"1","407","437","2021-04-14 19:22:53.480","108","29","Sell"
"1","408","438","2021-04-14 19:22:53.482","108","27","Sell"
"1","409","439","2021-04-14 19:22:53.483","102","98","Buy"
"1","410","-431","2021-04-14 19:22:53.486","107","0","Sell"
"1","411","441","2021-04-14 19:22:53.487","0","93","Buy"
"1","412","442","2021-04-14 19:22:53.489","101","92","Buy"
"1","413","443","2021-04-14 19:22:53.490","103","35","Buy"
"1","414","444","2021-04-14 19:22:53.492","107","42","Sell"
"1","415","-444","2021-04-14 19:22:53.495","107","0","Sell"
"1","416","-443","2021-04-14 19:22:53.498","103","0","Buy"
"1","417","-439","2021-04-14 19:22:53.501","102","0","Buy"
"1","418","449","2021-04-14 19:22:53.504","102","35","Buy"
"1","419","-432","2021-04-14 19:22:53.507","108","0","Sell"
"1","420","451","2021-04-14 19:22:53.508","0","98","Sell"
"1","421","452","2021-04-14 19:22:53.509","107","30","Sell"
"1","422","453","2021-04-14 19:22:53.511","0","55","Buy"
"1","423","454","2021-04-14 19:22:53.512","102","151","Buy"
"1","424","455","2021-04-14 19:22:53.514","107","50","Sell"
"1","425","456","2021-04-14 19:22:53.515","0","341","Buy"
"1","426","-404","2021-04-14 19:22:53.518","108","0","Sell"
"1","427","458","2021-04-14 19:22:53.519","101","86","Buy"
"1","428","459","2021-04-14 19:22:53.520","0","233","Buy"
"1","429","-406","2021-04-14 19:22:53.523","109","0","Sell"
"1","430","461","2021-04-14 19:22:53.524","103","4587","Buy"
"1","431","-442","2021-04-14 19:22:53.527","101","0","Buy"
"1","432","-461","2021-04-14 19:22:53.530","103","0","Buy"
"1","433","-458","2021-04-14 19:22:53.532","101","0","Buy"
"1","434","-434","2021-04-14 19:22:53.535","108","0","Sell"
"1","435","467","2021-04-14 19:22:53.538","101","267","Buy"
"1","436","-467","2021-04-14 19:22:53.540","101","0","Buy"
"1","437","469","2021-04-14 19:22:53.542","0","481","Sell"
"1","438","470","2021-04-14 19:22:53.543","99","113","Buy"
"1","439","-470","2021-04-14 19:22:53.546","99","0","Buy"
"1","440","472","2021-04-14 19:22:53.547","101","172","Buy"
"1","441","473","2021-04-14 19:22:53.549","102","20","Buy"
"1","442","476","2021-04-14 19:22:53.553","0","152","Buy"
"1","443","-472","2021-04-14 19:22:53.555","101","0","Buy"
"1","444","-473","2021-04-14 19:22:53.558","102","0","Buy"
"1","445","479","2021-04-14 19:22:53.559","107","345","Sell"
"1","446","-437","2021-04-14 19:22:53.562","108","0","Sell"
"1","447","-479","2021-04-14 19:22:53.564","107","0","Sell"
"1","448","483","2021-04-14 19:22:53.566","0","53","Buy"
"1","449","484","2021-04-14 19:22:53.567","107","29","Buy"
"1","450","485","2021-04-14 19:22:53.569","106","24","Buy"
"1","451","-484","2021-04-14 19:22:53.571","107","0","Buy"
"1","452","487","2021-04-14 19:22:53.573","105","28","Buy"
"1","453","488","2021-04-14 19:22:53.574","0","119","Buy"
"1","454","489","2021-04-14 19:22:53.575","0","210","Sell"
"1","455","-428","2021-04-14 19:22:53.578","108","0","Sell"
"1","456","491","2021-04-14 19:22:53.579","107","117","Sell"
"1","457","492","2021-04-14 19:22:53.581","108","24","Sell"
"1","458","494","2021-04-14 19:22:53.582","0","51","Buy"
"1","459","497","2021-04-14 19:22:53.584","0","52","Buy"
"1","460","498","2021-04-14 19:22:53.585","106","32","Sell"
"1","461","500","2021-04-14 19:22:53.587","98","50","Buy"
"1","462","502","2021-04-14 19:22:53.590","99","34","Buy"
"1","463","503","2021-04-14 19:22:53.591","107","23","Sell"
"1","464","-498","2021-04-14 19:22:53.594","106","0","Sell"
"1","465","505","2021-04-14 19:22:53.596","108","33","Sell"
"1","466","506","2021-04-14 19:22:53.597","106","47","Sell"
"1","467","507","2021-04-14 19:22:53.599","100","51","Buy"
"1","468","508","2021-04-14 19:22:53.600","105","30","Sell"
"1","469","509","2021-04-14 19:22:53.601","99","456","Buy"
"1","470","510","2021-04-14 19:22:53.602","0","249","Buy"
"1","471","-507","2021-04-14 19:22:53.605","100","0","Buy"
"1","472","-492","2021-04-14 19:22:53.608","108","0","Sell"
"1","473","-400","2021-04-14 19:22:53.610","108","0","Sell"
"1","474","514","2021-04-14 19:22:53.611","98","23","Buy"
"1","475","516","2021-04-14 19:22:53.614","98","76","Buy"
"1","476","-500","2021-04-14 19:22:53.617","98","0","Buy"
"1","477","518","2021-04-14 19:22:53.619","109","21","Sell"
"1","478","-509","2021-04-14 19:22:53.621","99","0","Buy"
"1","479","520","2021-04-14 19:22:53.623","109","44","Sell"
"1","480","-505","2021-04-14 19:22:53.625","108","0","Sell"
"1","481","522","2021-04-14 19:22:53.626","109","24","Sell"
"1","482","523","2021-04-14 19:22:53.628","107","36","Sell"
"1","483","524","2021-04-14 19:22:53.629","100","31","Buy"
"1","484","-524","2021-04-14 19:22:53.631","100","0","Buy"
"1","485","526","2021-04-14 19:22:53.633","108","41","Sell"
"1","486","527","2021-04-14 19:22:53.634","98","22","Buy"
"1","487","-502","2021-04-14 19:22:53.637","99","0","Buy"
"1","488","529","2021-04-14 19:22:53.638","97","35","Buy"
"1","489","530","2021-04-14 19:22:53.639","97","27","Buy"
"1","490","531","2021-04-14 19:22:53.641","0","54","Sell"
"1","491","-530","2021-04-14 19:22:53.644","97","0","Buy"
"1","492","-523","2021-04-14 19:22:53.647","107","0","Sell"
"1","493","534","2021-04-14 19:22:53.648","107","41","Sell"
"1","494","-529","2021-04-14 19:22:53.651","97","0","Buy"
"1","495","536","2021-04-14 19:22:53.653","97","74","Buy"
"1","496","537","2021-04-14 19:22:53.654","97","385","Buy"
"1","497","538","2021-04-14 19:22:53.655","108","41","Sell"
"1","498","539","2021-04-14 19:22:53.656","0","178","Sell"
"1","499","540","2021-04-14 19:22:53.658","98","41","Buy"
"1","500","541","2021-04-14 19:22:53.659","106","114","Sell"
"1","501","542","2021-04-14 19:22:53.660","99","120","Buy"
"1","502","-542","2021-04-14 19:22:53.663","99","0","Buy"
"1","503","544","2021-04-14 19:22:53.664","107","30","Sell"
"1","504","545","2021-04-14 19:22:53.666","0","60","Buy"
"1","505","546","2021-04-14 19:22:53.667","107","29","Sell"
"1","506","547","2021-04-14 19:22:53.668","107","690","Sell"
"1","507","548","2021-04-14 19:22:53.669","0","59","Sell"
"1","508","-541","2021-04-14 19:22:53.672","106","0","Sell"
"1","509","550","2021-04-14 19:22:53.673","98","231","Buy"
"1","510","551","2021-04-14 19:22:53.674","99","31","Buy"
"1","511","-537","2021-04-14 19:22:53.677","97","0","Buy"
"1","512","-538","2021-04-14 19:22:53.680","108","0","Sell"
"1","513","554","2021-04-14 19:22:53.681","106","23","Sell"
"1","514","-547","2021-04-14 19:22:53.684","107","0","Sell"
"1","515","-551","2021-04-14 19:22:53.687","99","0","Buy"
"1","516","557","2021-04-14 19:22:53.688","105","25","Sell"
"1","517","558","2021-04-14 19:22:53.689","0","91","Buy"
"1","518","559","2021-04-14 19:22:53.691","99","36","Buy"
"1","519","-546","2021-04-14 19:22:53.693","107","0","Sell"
"1","520","-544","2021-04-14 19:22:53.696","107","0","Sell"
"1","521","562","2021-04-14 19:22:53.697","0","89","Sell"
"1","522","563","2021-04-14 19:22:53.698","109","33","Sell"
"1","523","564","2021-04-14 19:22:53.699","0","56","Buy"
"1","524","565","2021-04-14 19:22:53.701","99","2722","Buy"
"1","525","566","2021-04-14 19:22:53.702","98","34","Buy"
"1","526","-526","2021-04-14 19:22:53.705","108","0","Sell"
"1","527","-550","2021-04-14 19:22:53.707","98","0","Buy"
"1","528","569","2021-04-14 19:22:53.708","0","159","Sell"
"1","529","570","2021-04-14 19:22:53.709","0","296","Sell"
"1","530","-566","2021-04-14 19:22:53.712","98","0","Buy"
"1","531","572","2021-04-14 19:22:53.713","100","23","Buy"
"1","532","573","2021-04-14 19:22:53.714","110","45","Sell"
"1","533","-573","2021-04-14 19:22:53.717","110","0","Sell"
"1","534","575","2021-04-14 19:22:53.718","110","37","Sell"
"1","535","-572","2021-04-14 19:22:53.720","100","0","Buy"
"1","536","577","2021-04-14 19:22:53.722","110","35","Sell"
"1","537","578","2021-04-14 19:22:53.723","108","54","Sell"
"1","538","-520","2021-04-14 19:22:53.726","109","0","Sell"
"1","539","-575","2021-04-14 19:22:53.728","110","0","Sell"
"1","540","581","2021-04-14 19:22:53.730","100","258","Buy"
"1","541","-577","2021-04-14 19:22:53.732","110","0","Sell"
"1","542","583","2021-04-14 19:22:53.734","99","120","Buy"
"1","543","584","2021-04-14 19:22:53.735","107","32","Sell"
"1","544","585","2021-04-14 19:22:53.737","108","41","Sell"
"1","545","586","2021-04-14 19:22:53.738","99","34","Buy"
"1","546","587","2021-04-14 19:22:53.739","106","56","Sell"
"1","547","-584","2021-04-14 19:22:53.743","107","0","Sell"
"1","548","-587","2021-04-14 19:22:53.746","106","0","Sell"
"1","549","590","2021-04-14 19:22:53.747","109","32","Sell"
"1","550","-581","2021-04-14 19:22:53.750","100","0","Buy"
"1","551","-563","2021-04-14 19:22:53.753","109","0","Sell"
"1","552","593","2021-04-14 19:22:53.754","100","43","Buy"
"1","553","594","2021-04-14 19:22:53.756","107","20","Sell"
"1","554","595","2021-04-14 19:22:53.757","101","28","Buy"
"1","555","596","2021-04-14 19:22:53.758","106","55","Sell"
"1","556","597","2021-04-14 19:22:53.760","102","50","Buy"
"1","557","-593","2021-04-14 19:22:53.763","100","0","Buy"
"1","558","599","2021-04-14 19:22:53.764","103","47","Buy"
"1","559","600","2021-04-14 19:22:53.766","102","346","Buy"
"1","560","-599","2021-04-14 19:22:53.769","103","0","Buy"
"1","561","602","2021-04-14 19:22:53.771","105","30","Sell"
"1","562","603","2021-04-14 19:22:53.772","101","50","Buy"
"1","563","-602","2021-04-14 19:22:53.775","105","0","Sell"
"1","564","-597","2021-04-14 19:22:53.779","102","0","Buy"
"1","565","-590","2021-04-14 19:22:53.782","109","0","Sell"
"1","566","607","2021-04-14 19:22:53.783","103","193","Buy"
"1","567","608","2021-04-14 19:22:53.785","104","24","Buy"
"1","568","-596","2021-04-14 19:22:53.788","106","0","Sell"
"1","569","-608","2021-04-14 19:22:53.791","104","0","Buy"
"1","570","-518","2021-04-14 19:22:53.793","109","0","Sell"
"1","571","-594","2021-04-14 19:22:53.796","107","0","Sell"
"1","572","613","2021-04-14 19:22:53.798","109","22","Sell"
"1","573","614","2021-04-14 19:22:53.799","0","72","Sell"
"1","574","615","2021-04-14 19:22:53.800","109","365","Sell"
"1","575","616","2021-04-14 19:22:53.802","107","24","Sell"
"1","576","617","2021-04-14 19:22:53.803","106","39","Sell"
"1","577","618","2021-04-14 19:22:53.804","104","35","Buy"
"1","578","619","2021-04-14 19:22:53.806","103","34","Buy"
"1","579","620","2021-04-14 19:22:53.807","105","44","Buy"
"1","580","621","2021-04-14 19:22:53.809","106","32","Buy"
"1","581","622","2021-04-14 19:22:53.810","105","21","Sell"
"1","582","623","2021-04-14 19:22:53.811","0","227","Buy"
"1","583","-615","2021-04-14 19:22:53.814","109","0","Sell"
"1","584","-595","2021-04-14 19:22:53.817","101","0","Buy"
"1","585","-583","2021-04-14 19:22:53.820","99","0","Buy"
"1","586","627","2021-04-14 19:22:53.821","112","23","Sell"
"1","587","628","2021-04-14 19:22:53.822","106","546","Buy"
"1","588","629","2021-04-14 19:22:53.824","105","65","Buy"
"1","589","630","2021-04-14 19:22:53.825","105","21","Buy"
"1","590","631","2021-04-14 19:22:53.826","111","21","Sell"
"1","591","632","2021-04-14 19:22:53.828","107","120","Buy"
"1","592","633","2021-04-14 19:22:53.829","112","20","Sell"
"1","593","-627","2021-04-14 19:22:53.832","112","0","Sell"
"1","594","635","2021-04-14 19:22:53.833","110","24","Sell"
"1","595","636","2021-04-14 19:22:53.835","106","26","Buy"
"1","596","-631","2021-04-14 19:22:53.838","111","0","Sell"
"1","597","-632","2021-04-14 19:22:53.841","107","0","Buy"
"1","598","-635","2021-04-14 19:22:53.844","110","0","Sell"
"1","599","640","2021-04-14 19:22:53.846","111","92","Sell"
"1","600","641","2021-04-14 19:22:53.847","110","133","Sell"
"1","601","-628","2021-04-14 19:22:53.850","106","0","Buy"
"1","602","643","2021-04-14 19:22:53.851","111","63","Sell"
"1","603","644","2021-04-14 19:22:53.853","105","23","Buy"
"1","604","-641","2021-04-14 19:22:53.856","110","0","Sell"
"1","605","646","2021-04-14 19:22:53.857","105","672","Buy"
"1","606","647","2021-04-14 19:22:53.858","105","41","Buy"
"1","607","-640","2021-04-14 19:22:53.861","111","0","Sell"
"1","608","-586","2021-04-14 19:22:53.864","99","0","Buy"
"1","609","650","2021-04-14 19:22:53.865","0","1074","Sell"
"1","610","651","2021-04-14 19:22:53.867","103","28","Buy"
"1","611","652","2021-04-14 19:22:53.869","104","24","Buy"
"1","612","653","2021-04-14 19:22:53.870","110","24","Sell"
"1","613","-653","2021-04-14 19:22:53.873","110","0","Sell"
"1","614","-633","2021-04-14 19:22:53.876","112","0","Sell"
"1","615","656","2021-04-14 19:22:53.878","105","762","Buy"
"1","616","657","2021-04-14 19:22:53.879","110","35","Sell"
"1","617","-651","2021-04-14 19:22:53.882","103","0","Buy"
"1","618","-656","2021-04-14 19:22:53.885","105","0","Buy"
"1","619","660","2021-04-14 19:22:53.886","111","36","Sell"
"1","620","661","2021-04-14 19:22:53.887","111","25","Sell"
"1","621","-652","2021-04-14 19:22:53.890","104","0","Buy"
"1","622","663","2021-04-14 19:22:53.892","0","64","Buy"
"1","623","-603","2021-04-14 19:22:53.894","101","0","Buy"
"1","624","-660","2021-04-14 19:22:53.896","111","0","Sell"
"1","625","-661","2021-04-14 19:22:53.899","111","0","Sell"
"1","626","667","2021-04-14 19:22:53.901","0","1276","Buy"
"1","627","668","2021-04-14 19:22:53.902","101","1438","Buy"
"1","628","669","2021-04-14 19:22:53.904","103","22","Buy"
"1","629","670","2021-04-14 19:22:53.905","109","35","Sell"
"1","630","671","2021-04-14 19:22:53.906","102","28","Buy"
"1","631","-671","2021-04-14 19:22:53.909","102","0","Buy"
"1","632","673","2021-04-14 19:22:53.910","104","47","Buy"
"1","633","-670","2021-04-14 19:22:53.913","109","0","Sell"
"1","634","675","2021-04-14 19:22:53.915","105","32","Buy"
"1","635","676","2021-04-14 19:22:53.916","106","74","Buy"
"1","636","677","2021-04-14 19:22:53.917","105","32","Buy"
"1","637","678","2021-04-14 19:22:53.919","107","22","Buy"
"1","638","679","2021-04-14 19:22:53.920","111","52","Sell"
"1","639","680","2021-04-14 19:22:53.921","110","29","Sell"
"1","640","681","2021-04-14 19:22:53.923","108","66","Buy"
"1","641","-679","2021-04-14 19:22:53.925","111","0","Sell"
"1","642","683","2021-04-14 19:22:53.927","109","502","Sell"
"1","643","-680","2021-04-14 19:22:53.930","110","0","Sell"
"1","644","685","2021-04-14 19:22:53.931","109","42","Buy"
"1","645","686","2021-04-14 19:22:53.933","107","43","Buy"
"1","646","-683","2021-04-14 19:22:53.936","109","0","Sell"
"1","647","688","2021-04-14 19:22:53.937","111","35","Sell"
"1","648","689","2021-04-14 19:22:53.939","0","55","Sell"
"1","649","690","2021-04-14 19:22:53.940","112","27","Sell"
"1","650","-688","2021-04-14 19:22:53.943","111","0","Sell"
"1","651","692","2021-04-14 19:22:53.944","113","306","Sell"
"1","652","693","2021-04-14 19:22:53.945","0","67","Sell"
"1","653","694","2021-04-14 19:22:53.947","0","272","Sell"
"1","654","695","2021-04-14 19:22:53.948","103","23","Buy"
"1","655","696","2021-04-14 19:22:53.950","102","26","Buy"
"1","656","697","2021-04-14 19:22:53.951","113","33","Sell"
"1","657","-690","2021-04-14 19:22:53.954","112","0","Sell"
"1","658","699","2021-04-14 19:22:53.955","0","1092","Buy"
"1","659","700","2021-04-14 19:22:53.957","104","28","Buy"
"1","660","701","2021-04-14 19:22:53.958","106","20","Sell"
"1","661","702","2021-04-14 19:22:53.959","105","110","Sell"
"1","662","703","2021-04-14 19:22:53.961","0","101","Sell"
"1","663","704","2021-04-14 19:22:53.962","0","123","Sell"
"1","664","705","2021-04-14 19:22:53.963","103","88","Buy"
"1","665","-600","2021-04-14 19:22:53.966","102","0","Buy"
"1","666","707","2021-04-14 19:22:53.967","0","337","Buy"
"1","667","708","2021-04-14 19:22:53.969","106","33","Sell"
"1","668","709","2021-04-14 19:22:53.970","107","25","Sell"
"1","669","710","2021-04-14 19:22:53.972","104","32","Buy"
"1","670","-708","2021-04-14 19:22:53.975","106","0","Sell"
"1","671","712","2021-04-14 19:22:53.976","0","306","Buy"
"1","672","-710","2021-04-14 19:22:53.979","104","0","Buy"
"1","673","714","2021-04-14 19:22:53.980","102","25","Buy"
"1","674","715","2021-04-14 19:22:53.982","104","37","Buy"
"1","675","716","2021-04-14 19:22:53.983","114","151","Sell"
"1","676","717","2021-04-14 19:22:53.985","115","37","Sell"
"1","677","718","2021-04-14 19:22:53.986","105","100","Buy"
"1","678","719","2021-04-14 19:22:53.988","104","71","Buy"
"1","679","720","2021-04-14 19:22:53.989","106","136","Buy"
"1","680","-696","2021-04-14 19:22:53.992","102","0","Buy"
"1","681","722","2021-04-14 19:22:53.993","113","59","Sell"
"1","682","723","2021-04-14 19:22:53.995","0","207","Sell"
"1","683","724","2021-04-14 19:22:53.996","104","23","Buy"
"1","684","725","2021-04-14 19:22:53.997","106","30","Buy"
"1","685","726","2021-04-14 19:22:53.999","114","66","Sell"
"1","686","-714","2021-04-14 19:22:54.002","102","0","Buy"
"1","687","-722","2021-04-14 19:22:54.005","113","0","Sell"
"1","688","-717","2021-04-14 19:22:54.008","115","0","Sell"
"1","689","-565","2021-04-14 19:22:54.011","99","0","Buy"
"1","690","731","2021-04-14 19:22:54.013","107","44","Buy"
"1","691","732","2021-04-14 19:22:54.014","113","28","Sell"
"1","692","733","2021-04-14 19:22:54.016","108","20","Buy"
"1","693","-726","2021-04-14 19:22:54.018","114","0","Sell"
"1","694","735","2021-04-14 19:22:54.020","0","113","Buy"
"1","695","-733","2021-04-14 19:22:54.023","108","0","Buy"
"1","696","737","2021-04-14 19:22:54.024","115","134","Sell"
"1","697","738","2021-04-14 19:22:54.026","106","155","Buy"
"1","698","-731","2021-04-14 19:22:54.029","107","0","Buy"
"1","699","740","2021-04-14 19:22:54.030","105","28","Buy"
"1","700","-716","2021-04-14 19:22:54.033","114","0","Sell"
"1","701","-719","2021-04-14 19:22:54.036","104","0","Buy"
"1","702","-715","2021-04-14 19:22:54.039","104","0","Buy"
"1","703","744","2021-04-14 19:22:54.040","0","96","Sell"
"1","704","745","2021-04-14 19:22:54.041","0","222","Sell"
"1","705","-737","2021-04-14 19:22:54.044","115","0","Sell"
"1","706","747","2021-04-14 19:22:54.046","104","80","Buy"
"1","707","749","2021-04-14 19:22:54.048","111","29","Sell"
"1","708","750","2021-04-14 19:22:54.049","110","28","Sell"
"1","709","751","2021-04-14 19:22:54.050","0","132","Sell"
"1","710","752","2021-04-14 19:22:54.052","111","57","Sell"
"1","711","753","2021-04-14 19:22:54.053","100","24","Buy"
"1","712","754","2021-04-14 19:22:54.054","100","34","Buy"
"1","713","755","2021-04-14 19:22:54.055","109","28","Sell"
"1","714","756","2021-04-14 19:22:54.057","110","99","Sell"
"1","715","-668","2021-04-14 19:22:54.059","101","0","Buy"
"1","716","758","2021-04-14 19:22:54.061","0","87","Sell"
"1","717","759","2021-04-14 19:22:54.062","104","30","Buy"
"1","718","762","2021-04-14 19:22:54.067","103","42","Buy"
"1","719","-755","2021-04-14 19:22:54.070","109","0","Sell"
"1","720","764","2021-04-14 19:22:54.071","105","127","Buy"
"1","721","-759","2021-04-14 19:22:54.074","104","0","Buy"
"1","722","766","2021-04-14 19:22:54.075","109","20","Sell"
"1","723","767","2021-04-14 19:22:54.076","104","145","Buy"
"1","724","-767","2021-04-14 19:22:54.079","104","0","Buy"
"1","725","769","2021-04-14 19:22:54.080","106","24","Buy"
"1","726","-764","2021-04-14 19:22:54.083","105","0","Buy"
"1","727","771","2021-04-14 19:22:54.084","107","35","Buy"
"1","728","-766","2021-04-14 19:22:54.087","109","0","Sell"
"1","729","773","2021-04-14 19:22:54.088","0","80","Sell"
"1","730","774","2021-04-14 19:22:54.089","111","41","Sell"
"1","731","775","2021-04-14 19:22:54.091","109","33","Sell"
"1","732","-762","2021-04-14 19:22:54.093","103","0","Buy"
"1","733","-756","2021-04-14 19:22:54.096","110","0","Sell"
"1","734","778","2021-04-14 19:22:54.097","102","37","Buy"
"1","735","-750","2021-04-14 19:22:54.100","110","0","Sell"
"1","736","-775","2021-04-14 19:22:54.102","109","0","Sell"
"1","737","781","2021-04-14 19:22:54.104","112","20","Sell"
"1","738","-778","2021-04-14 19:22:54.106","102","0","Buy"
"1","739","-781","2021-04-14 19:22:54.108","112","0","Sell"
"1","740","785","2021-04-14 19:22:54.110","0","73","Buy"
"1","741","787","2021-04-14 19:22:54.112","112","632","Sell"
"1","742","-752","2021-04-14 19:22:54.115","111","0","Sell"
"1","743","790","2021-04-14 19:22:54.116","108","119","Buy"
"1","744","791","2021-04-14 19:22:54.118","110","24","Sell"
"1","745","792","2021-04-14 19:22:54.119","0","51","Buy"
"1","746","793","2021-04-14 19:22:54.120","112","34","Sell"
"1","747","794","2021-04-14 19:22:54.122","110","20","Sell"
"1","748","795","2021-04-14 19:22:54.123","111","82","Sell"
"1","749","-794","2021-04-14 19:22:54.127","110","0","Sell"
"1","750","800","2021-04-14 19:22:54.131","107","99","Buy"
"1","751","801","2021-04-14 19:22:54.133","110","77","Sell"
"1","752","802","2021-04-14 19:22:54.134","111","29","Sell"
"1","753","803","2021-04-14 19:22:54.135","109","34","Buy"
"1","754","-801","2021-04-14 19:22:54.139","110","0","Sell"
"1","755","-790","2021-04-14 19:22:54.141","108","0","Buy"
"1","756","806","2021-04-14 19:22:54.143","112","22","Sell"
"1","757","807","2021-04-14 19:22:54.144","110","141","Buy"
"1","758","-802","2021-04-14 19:22:54.147","111","0","Sell"
"1","759","809","2021-04-14 19:22:54.148","0","69","Sell"
"1","760","-793","2021-04-14 19:22:54.151","112","0","Sell"
"1","761","811","2021-04-14 19:22:54.153","112","26","Sell"
"1","762","812","2021-04-14 19:22:54.154","111","31","Buy"
"1","763","813","2021-04-14 19:22:54.155","112","138","Sell"
"1","764","-807","2021-04-14 19:22:54.158","110","0","Buy"
"1","765","-795","2021-04-14 19:22:54.161","111","0","Sell"
"1","766","817","2021-04-14 19:22:54.164","111","21","Sell"
"1","767","818","2021-04-14 19:22:54.165","112","34","Sell"
"1","768","819","2021-04-14 19:22:54.166","112","46","Sell"
"1","769","820","2021-04-14 19:22:54.168","112","27","Sell"
"1","770","821","2021-04-14 19:22:54.169","110","46","Buy"
"1","771","822","2021-04-14 19:22:54.170","109","37","Buy"
"1","772","-811","2021-04-14 19:22:54.174","112","0","Sell"
"1","773","824","2021-04-14 19:22:54.175","111","20","Buy"
"1","774","-821","2021-04-14 19:22:54.179","110","0","Buy"
"1","775","826","2021-04-14 19:22:54.180","108","41","Buy"
"1","776","827","2021-04-14 19:22:54.182","0","72","Sell"
"1","777","828","2021-04-14 19:22:54.183","107","22","Buy"
"1","778","-818","2021-04-14 19:22:54.185","112","0","Sell"
"1","779","-813","2021-04-14 19:22:54.188","112","0","Sell"
"1","780","-826","2021-04-14 19:22:54.191","108","0","Buy"
"1","781","833","2021-04-14 19:22:54.194","112","23","Sell"
"1","782","-817","2021-04-14 19:22:54.197","111","0","Sell"
"1","783","835","2021-04-14 19:22:54.198","0","50","Sell"
"1","784","836","2021-04-14 19:22:54.200","0","116","Buy"
"1","785","837","2021-04-14 19:22:54.202","111","26","Sell"
"1","786","838","2021-04-14 19:22:54.203","0","150","Buy"
"1","787","839","2021-04-14 19:22:54.205","0","50","Buy"
"1","788","-833","2021-04-14 19:22:54.207","112","0","Sell"
"1","789","842","2021-04-14 19:22:54.210","111","24","Sell"
"1","790","843","2021-04-14 19:22:54.211","106","25","Buy"
"1","791","844","2021-04-14 19:22:54.213","106","28","Buy"
"1","792","845","2021-04-14 19:22:54.214","0","127","Sell"
"1","793","-842","2021-04-14 19:22:54.217","111","0","Sell"
"1","794","849","2021-04-14 19:22:54.219","113","22","Sell"
"1","795","850","2021-04-14 19:22:54.220","103","29","Buy"
"1","796","851","2021-04-14 19:22:54.221","113","20","Sell"
"1","797","852","2021-04-14 19:22:54.222","113","38","Sell"
"1","798","-806","2021-04-14 19:22:54.227","112","0","Sell"
"1","799","855","2021-04-14 19:22:54.228","113","20","Sell"
"1","800","857","2021-04-14 19:22:54.231","0","55","Sell"
"1","801","858","2021-04-14 19:22:54.233","0","108","Buy"
"1","802","860","2021-04-14 19:22:54.234","108","21","Buy"
"1","803","861","2021-04-14 19:22:54.236","0","77","Buy"
"1","804","862","2021-04-14 19:22:54.237","111","40","Sell"
"1","805","863","2021-04-14 19:22:54.238","112","974","Sell"
"1","806","864","2021-04-14 19:22:54.239","0","71","Sell"
"1","807","867","2021-04-14 19:22:54.241","110","27","Sell"
"1","808","868","2021-04-14 19:22:54.243","111","33","Sell"
"1","809","869","2021-04-14 19:22:54.244","109","125","Sell"
"1","810","-869","2021-04-14 19:22:54.246","109","0","Sell"
"1","811","871","2021-04-14 19:22:54.247","101","64","Buy"
"1","812","-851","2021-04-14 19:22:54.250","113","0","Sell"
"1","813","-819","2021-04-14 19:22:54.253","112","0","Sell"
"1","814","-867","2021-04-14 19:22:54.255","110","0","Sell"
"1","815","875","2021-04-14 19:22:54.257","110","140","Sell"
"1","816","876","2021-04-14 19:22:54.258","109","32","Sell"
"1","817","877","2021-04-14 19:22:54.259","102","20","Buy"
"1","818","878","2021-04-14 19:22:54.261","108","24","Sell"
"1","819","879","2021-04-14 19:22:54.262","107","5869","Sell"
"1","820","880","2021-04-14 19:22:54.263","0","618","Sell"
"1","821","881","2021-04-14 19:22:54.264","106","22","Sell"
"1","822","884","2021-04-14 19:22:54.266","107","83","Sell"
"1","823","885","2021-04-14 19:22:54.268","98","75","Buy"
"1","824","886","2021-04-14 19:22:54.269","105","29","Sell"
"1","825","-849","2021-04-14 19:22:54.272","113","0","Sell"
"1","826","-885","2021-04-14 19:22:54.275","98","0","Buy"
"1","827","891","2021-04-14 19:22:54.276","104","53","Sell"
"1","828","892","2021-04-14 19:22:54.278","103","32","Sell"
"1","829","-892","2021-04-14 19:22:54.281","103","0","Sell"
"1","830","894","2021-04-14 19:22:54.282","99","29","Buy"
"1","831","-855","2021-04-14 19:22:54.326","113","0","Sell"
"1","832","897","2021-04-14 19:22:54.327","0","79","Sell"
"1","833","899","2021-04-14 19:22:54.329","96","95","Buy"
"1","834","900","2021-04-14 19:22:54.331","0","191","Buy"
"1","835","902","2021-04-14 19:22:54.334","0","110","Buy"
"1","836","903","2021-04-14 19:22:54.335","0","60","Buy"
"1","837","904","2021-04-14 19:22:54.337","108","92","Sell"
"1","838","905","2021-04-14 19:22:54.338","108","21","Sell"
"1","839","-884","2021-04-14 19:22:54.342","107","0","Sell"
"1","840","-899","2021-04-14 19:22:54.347","96","0","Buy"
"1","841","-787","2021-04-14 19:22:54.350","112","0","Sell"
"1","842","910","2021-04-14 19:22:54.352","104","116990","Buy"
"1","843","-904","2021-04-14 19:22:54.355","108","0","Sell"
"1","844","-910","2021-04-14 19:22:54.357","104","0","Buy"
"1","845","913","2021-04-14 19:22:54.359","0","60","Buy"
"1","846","915","2021-04-14 19:22:54.361","98","22","Buy"
"1","847","916","2021-04-14 19:22:54.362","0","57","Sell"
"1","848","-905","2021-04-14 19:22:54.365","108","0","Sell"
"1","849","918","2021-04-14 19:22:54.366","108","34","Sell"
"1","850","919","2021-04-14 19:22:54.368","108","25","Sell"
"1","851","921","2021-04-14 19:22:54.369","105","56","Buy"
"1","852","-879","2021-04-14 19:22:54.373","107","0","Sell"
"1","853","923","2021-04-14 19:22:54.374","109","81","Sell"
"1","854","-921","2021-04-14 19:22:54.377","105","0","Buy"
"1","855","-878","2021-04-14 19:22:54.380","108","0","Sell"
"1","856","926","2021-04-14 19:22:54.382","107","24","Sell"
"1","857","927","2021-04-14 19:22:54.383","0","125","Buy"
"1","858","928","2021-04-14 19:22:54.384","108","64","Sell"
"1","859","-852","2021-04-14 19:22:54.387","113","0","Sell"
"1","860","930","2021-04-14 19:22:54.388","107","24","Sell"
"1","861","932","2021-04-14 19:22:54.390","104","154","Buy"
"1","862","-930","2021-04-14 19:22:54.393","107","0","Sell"
"1","863","-928","2021-04-14 19:22:54.396","108","0","Sell"
"1","864","936","2021-04-14 19:22:54.398","103","135","Buy"
"1","865","937","2021-04-14 19:22:54.400","103","43","Buy"
"1","866","938","2021-04-14 19:22:54.401","108","218","Sell"
"1","867","939","2021-04-14 19:22:54.402","0","57","Buy"
"1","868","940","2021-04-14 19:22:54.404","0","73","Buy"
"1","869","941","2021-04-14 19:22:54.405","107","36","Sell"
"1","870","942","2021-04-14 19:22:54.407","106","27","Sell"
"1","871","943","2021-04-14 19:22:54.408","105","32","Sell"
"1","872","944","2021-04-14 19:22:54.409","103","30","Buy"
"1","873","945","2021-04-14 19:22:54.411","106","34","Sell"
"1","874","946","2021-04-14 19:22:54.412","105","29","Buy"
"1","875","947","2021-04-14 19:22:54.414","105","77","Buy"
"1","876","948","2021-04-14 19:22:54.415","105","25","Sell"
"1","877","-942","2021-04-14 19:22:54.418","106","0","Sell"
"1","878","950","2021-04-14 19:22:54.420","104","25","Buy"
"1","879","951","2021-04-14 19:22:54.421","107","46","Sell"
"1","880","-947","2021-04-14 19:22:54.424","105","0","Buy"
"1","881","953","2021-04-14 19:22:54.425","0","194","Sell"
"1","882","-945","2021-04-14 19:22:54.428","106","0","Sell"
"1","883","-944","2021-04-14 19:22:54.431","103","0","Buy"
"1","884","956","2021-04-14 19:22:54.432","108","30","Sell"
"1","885","957","2021-04-14 19:22:54.433","108","45","Sell"
"1","886","958","2021-04-14 19:22:54.435","0","93","Buy"
"1","887","959","2021-04-14 19:22:54.436","104","21","Buy"
"1","888","960","2021-04-14 19:22:54.437","103","168","Buy"
"1","889","961","2021-04-14 19:22:54.439","0","128","Buy"
"1","890","962","2021-04-14 19:22:54.440","107","26","Sell"
"1","891","963","2021-04-14 19:22:54.441","0","111","Buy"
"1","892","964","2021-04-14 19:22:54.442","0","450","Sell"
"1","893","965","2021-04-14 19:22:54.444","105","263","Buy"
"1","894","966","2021-04-14 19:22:54.445","106","36","Buy"
"1","895","967","2021-04-14 19:22:54.446","108","60","Sell"
"1","896","968","2021-04-14 19:22:54.448","0","57","Buy"
"1","897","969","2021-04-14 19:22:54.449","105","36","Buy"
"1","898","970","2021-04-14 19:22:54.450","107","31","Buy"
"1","899","971","2021-04-14 19:22:54.452","108","74","Buy"
"1","900","972","2021-04-14 19:22:54.453","109","52","Buy"
"1","901","-972","2021-04-14 19:22:54.456","109","0","Buy"
"1","902","974","2021-04-14 19:22:54.457","107","22","Buy"
"1","903","975","2021-04-14 19:22:54.458","109","79","Buy"
"1","904","976","2021-04-14 19:22:54.460","109","68","Sell"
"1","905","977","2021-04-14 19:22:54.461","108","22","Buy"
"1","906","-875","2021-04-14 19:22:54.464","110","0","Sell"
"1","907","979","2021-04-14 19:22:54.466","0","63","Buy"
"1","908","-863","2021-04-14 19:22:54.469","112","0","Sell"
"1","909","981","2021-04-14 19:22:54.470","0","749","Sell"
"1","910","982","2021-04-14 19:22:54.472","112","29","Sell"
"1","911","983","2021-04-14 19:22:54.474","110","72","Buy"
"1","912","984","2021-04-14 19:22:54.475","112","40","Sell"
"1","913","985","2021-04-14 19:22:54.476","0","458","Buy"
"1","914","-983","2021-04-14 19:22:54.479","110","0","Buy"
"1","915","988","2021-04-14 19:22:54.481","104","39","Buy"
"1","916","989","2021-04-14 19:22:54.482","105","34","Buy"
"1","917","-989","2021-04-14 19:22:54.485","105","0","Buy"
"1","918","-988","2021-04-14 19:22:54.488","104","0","Buy"
"1","919","993","2021-04-14 19:22:54.490","106","267","Sell"
"1","920","994","2021-04-14 19:22:54.491","0","57","Buy"
"1","921","995","2021-04-14 19:22:54.492","104","51","Buy"
"1","922","996","2021-04-14 19:22:54.493","103","68","Buy"
"1","923","997","2021-04-14 19:22:54.495","105","29","Buy"
"1","924","999","2021-04-14 19:22:54.498","106","39","Buy"
"1","925","1000","2021-04-14 19:22:54.499","104","35","Buy"
"1","926","-997","2021-04-14 19:22:54.501","105","0","Buy"
"1","927","-993","2021-04-14 19:22:54.505","106","0","Sell"
"1","928","1004","2021-04-14 19:22:54.506","103","1811","Buy"
"1","929","1005","2021-04-14 19:22:54.508","103","23","Buy"
"1","930","-995","2021-04-14 19:22:54.510","104","0","Buy"
"1","931","1009","2021-04-14 19:22:54.512","0","80","Sell"
"1","932","1010","2021-04-14 19:22:54.513","110","71","Sell"
"1","933","1011","2021-04-14 19:22:54.515","0","114","Sell"
"1","934","1012","2021-04-14 19:22:54.516","102","47","Buy"
"1","935","1013","2021-04-14 19:22:54.517","109","26","Sell"
"1","936","1014","2021-04-14 19:22:54.519","102","51","Buy"
"1","937","1015","2021-04-14 19:22:54.520","102","65","Buy"
"1","938","1016","2021-04-14 19:22:54.521","110","82","Sell"
"1","939","1017","2021-04-14 19:22:54.523","108","27","Sell"
"1","940","1018","2021-04-14 19:22:54.524","109","28","Sell"
"1","941","-1015","2021-04-14 19:22:54.527","102","0","Buy"
"1","942","1020","2021-04-14 19:22:54.528","102","70","Buy"
"1","943","1021","2021-04-14 19:22:54.529","0","82","Buy"
"1","944","1022","2021-04-14 19:22:54.531","111","22","Sell"
"1","945","1023","2021-04-14 19:22:54.532","109","38","Sell"
"1","946","-1022","2021-04-14 19:22:54.534","111","0","Sell"
"1","947","1025","2021-04-14 19:22:54.536","102","52","Buy"
"1","948","1026","2021-04-14 19:22:54.537","108","33","Sell"
"1","949","-1016","2021-04-14 19:22:54.540","110","0","Sell"
"1","950","-1010","2021-04-14 19:22:54.542","110","0","Sell"
"1","951","-1004","2021-04-14 19:22:54.545","103","0","Buy"
"1","952","1030","2021-04-14 19:22:54.546","109","52","Sell"
"1","953","-1023","2021-04-14 19:22:54.549","109","0","Sell"
"1","954","-1005","2021-04-14 19:22:54.551","103","0","Buy"
"1","955","1033","2021-04-14 19:22:54.552","101","54","Buy"
"1","956","-1026","2021-04-14 19:22:54.555","108","0","Sell"
"1","957","-1033","2021-04-14 19:22:54.558","101","0","Buy"
"1","958","1036","2021-04-14 19:22:54.559","110","26","Sell"
"1","959","1037","2021-04-14 19:22:54.560","110","29","Sell"
"1","960","1038","2021-04-14 19:22:54.562","108","64","Sell"
"1","961","-1037","2021-04-14 19:22:54.564","110","0","Sell"
"1","962","1040","2021-04-14 19:22:54.566","101","21","Buy"
"1","963","-1038","2021-04-14 19:22:54.568","108","0","Sell"
"1","964","1042","2021-04-14 19:22:54.570","103","33","Buy"
"1","965","-1030","2021-04-14 19:22:54.572","109","0","Sell"
"1","966","-1012","2021-04-14 19:22:54.575","102","0","Buy"
"1","967","1046","2021-04-14 19:22:54.578","104","21","Buy"
"1","968","1047","2021-04-14 19:22:54.579","105","77","Buy"
"1","969","1048","2021-04-14 19:22:54.580","104","20","Buy"
"1","970","1049","2021-04-14 19:22:54.582","109","41","Sell"
"1","971","-1047","2021-04-14 19:22:54.584","105","0","Buy"
"1","972","1051","2021-04-14 19:22:54.586","108","52","Sell"
"1","973","1052","2021-04-14 19:22:54.587","105","32","Buy"
"1","974","-1049","2021-04-14 19:22:54.590","109","0","Sell"
"1","975","-1051","2021-04-14 19:22:54.592","108","0","Sell"
"1","976","1056","2021-04-14 19:22:54.595","104","417","Buy"
"1","977","1057","2021-04-14 19:22:54.596","106","1226","Buy"
"1","978","-1040","2021-04-14 19:22:54.599","101","0","Buy"
"1","979","-1036","2021-04-14 19:22:54.602","110","0","Sell"
"1","980","1060","2021-04-14 19:22:54.603","112","20","Sell"
"1","981","-1057","2021-04-14 19:22:54.606","106","0","Buy"
"1","982","1062","2021-04-14 19:22:54.607","111","177","Sell"
"1","983","1063","2021-04-14 19:22:54.608","112","40","Sell"
"1","984","1064","2021-04-14 19:22:54.610","0","58","Buy"
"1","985","1065","2021-04-14 19:22:54.611","110","1322","Sell"
"1","986","1066","2021-04-14 19:22:54.613","106","32","Buy"
"1","987","1067","2021-04-14 19:22:54.614","0","74","Buy"
"1","988","-1066","2021-04-14 19:22:54.617","106","0","Buy"
"1","989","1069","2021-04-14 19:22:54.619","106","37","Buy"
"1","990","1070","2021-04-14 19:22:54.620","105","34","Buy"
"1","991","1071","2021-04-14 19:22:54.621","0","63","Buy"
"1","992","-1069","2021-04-14 19:22:54.624","106","0","Buy"
"1","993","1073","2021-04-14 19:22:54.625","0","112","Sell"
"1","994","-1060","2021-04-14 19:22:54.627","112","0","Sell"
"1","995","1075","2021-04-14 19:22:54.629","111","55","Sell"
"1","996","1076","2021-04-14 19:22:54.630","109","22","Sell"
"1","997","-1075","2021-04-14 19:22:54.633","111","0","Sell"
"1","998","-1014","2021-04-14 19:22:54.635","102","0","Buy"
"1","999","1079","2021-04-14 19:22:54.637","108","32","Sell"
"1","1000","1080","2021-04-14 19:22:54.638","105","52","Buy"
"1","1001","1081","2021-04-14 19:22:54.639","107","69","Sell"
"1","1002","-1081","2021-04-14 19:22:54.642","107","0","Sell"
"1","1003","-1079","2021-04-14 19:22:54.644","108","0","Sell"
"1","1004","-1042","2021-04-14 19:22:54.647","103","0","Buy"
"1","1005","1085","2021-04-14 19:22:54.649","108","328","Sell"
"1","1006","-1080","2021-04-14 19:22:54.652","105","0","Buy"
"1","1007","-1056","2021-04-14 19:22:54.655","104","0","Buy"
"1","1008","1088","2021-04-14 19:22:54.656","103","35","Buy"
"1","1009","1089","2021-04-14 19:22:54.657","104","52","Buy"
"1","1010","1090","2021-04-14 19:22:54.659","105","45","Buy"
"1","1011","-1090","2021-04-14 19:22:54.661","105","0","Buy"
"1","1012","1092","2021-04-14 19:22:54.663","103","367","Buy"
"1","1013","1093","2021-04-14 19:22:54.664","109","147","Sell"
"1","1014","1094","2021-04-14 19:22:54.665","109","69","Sell"
"1","1015","1095","2021-04-14 19:22:54.667","109","50","Sell"
"1","1016","1096","2021-04-14 19:22:54.668","109","21","Sell"
"1","1017","1097","2021-04-14 19:22:54.669","105","81","Buy"
"1","1018","1098","2021-04-14 19:22:54.671","104","50","Buy"
"1","1019","-1020","2021-04-14 19:22:54.673","102","0","Buy"
"1","1020","1100","2021-04-14 19:22:54.675","107","25","Sell"
"1","1021","-1097","2021-04-14 19:22:54.678","105","0","Buy"
"1","1022","-1089","2021-04-14 19:22:54.681","104","0","Buy"
"1","1023","1103","2021-04-14 19:22:54.682","0","62","Sell"
"1","1024","1104","2021-04-14 19:22:54.684","0","68","Sell"
"1","1025","-1092","2021-04-14 19:22:54.686","103","0","Buy"
"1","1026","1106","2021-04-14 19:22:54.688","103","96","Buy"
"1","1027","-1100","2021-04-14 19:22:54.691","107","0","Sell"
"1","1028","1108","2021-04-14 19:22:54.692","0","78","Sell"
"1","1029","-1106","2021-04-14 19:22:54.695","103","0","Buy"
"1","1030","1110","2021-04-14 19:22:54.696","101","38","Buy"
"1","1031","1111","2021-04-14 19:22:54.698","0","15067","Buy"
"1","1032","-1110","2021-04-14 19:22:54.700","101","0","Buy"
"1","1033","-1025","2021-04-14 19:22:54.704","102","0","Buy"
"1","1034","1116","2021-04-14 19:22:54.706","110","53","Sell"
"1","1035","1117","2021-04-14 19:22:54.707","104","90","Buy"
"1","1036","-1117","2021-04-14 19:22:54.711","104","0","Buy"
"1","1037","1120","2021-04-14 19:22:54.712","102","47","Buy"
"1","1038","1121","2021-04-14 19:22:54.714","111","54","Sell"
"1","1039","1122","2021-04-14 19:22:54.715","0","156","Buy"
"1","1040","1123","2021-04-14 19:22:54.717","103","129","Sell"
"1","1041","1124","2021-04-14 19:22:54.718","101","29","Buy"
"1","1042","1125","2021-04-14 19:22:54.719","101","25","Buy"
"1","1043","-1123","2021-04-14 19:22:54.722","103","0","Sell"
"1","1044","1127","2021-04-14 19:22:54.723","103","33","Buy"
"1","1045","1128","2021-04-14 19:22:54.725","108","691","Sell"
"1","1046","1129","2021-04-14 19:22:54.726","109","62","Sell"
"1","1047","1130","2021-04-14 19:22:54.727","0","66","Buy"
"1","1048","-1129","2021-04-14 19:22:54.730","109","0","Sell"
"1","1049","1132","2021-04-14 19:22:54.731","109","23","Sell"
"1","1050","1133","2021-04-14 19:22:54.732","0","88","Sell"
"1","1051","1134","2021-04-14 19:22:54.734","0","393","Sell"
"1","1052","-1132","2021-04-14 19:22:54.736","109","0","Sell"
"1","1053","1136","2021-04-14 19:22:54.738","104","113","Buy"
"1","1054","1137","2021-04-14 19:22:54.739","109","26","Sell"
"1","1055","-1136","2021-04-14 19:22:54.742","104","0","Buy"
"1","1056","1139","2021-04-14 19:22:54.743","0","892","Buy"
"1","1057","1140","2021-04-14 19:22:54.745","108","60","Sell"
"1","1058","-1140","2021-04-14 19:22:54.747","108","0","Sell"
"1","1059","1143","2021-04-14 19:22:54.750","111","22","Sell"
"1","1060","1144","2021-04-14 19:22:54.751","112","120","Sell"
"1","1061","1145","2021-04-14 19:22:54.752","110","2680","Sell"
"1","1062","1147","2021-04-14 19:22:54.754","106","24","Buy"
"1","1063","1148","2021-04-14 19:22:54.756","105","30","Buy"
"1","1064","-1147","2021-04-14 19:22:54.758","106","0","Buy"
"1","1065","1150","2021-04-14 19:22:54.759","106","23","Buy"
"1","1066","-1148","2021-04-14 19:22:54.762","105","0","Buy"
"1","1067","1152","2021-04-14 19:22:54.763","111","79","Sell"
"1","1068","1153","2021-04-14 19:22:54.764","111","1045","Sell"
"1","1069","-1143","2021-04-14 19:22:54.767","111","0","Sell"
"1","1070","1156","2021-04-14 19:22:54.770","105","25","Buy"
"1","1071","1157","2021-04-14 19:22:54.771","111","43","Sell"
"1","1072","-1150","2021-04-14 19:22:54.774","106","0","Buy"
"1","1073","1159","2021-04-14 19:22:54.775","111","224","Sell"
"1","1074","1160","2021-04-14 19:22:54.776","0","51","Buy"
"1","1075","1161","2021-04-14 19:22:54.778","104","41","Buy"
"1","1076","1162","2021-04-14 19:22:54.779","104","80","Buy"
"1","1077","1163","2021-04-14 19:22:54.781","109","94","Sell"
"1","1078","1164","2021-04-14 19:22:54.782","0","94","Buy"
"1","1079","-1156","2021-04-14 19:22:54.785","105","0","Buy"
"1","1080","1166","2021-04-14 19:22:54.787","109","43","Sell"
"1","1081","-1161","2021-04-14 19:22:54.789","104","0","Buy"
"1","1082","1168","2021-04-14 19:22:54.791","103","20","Buy"
"1","1083","-1166","2021-04-14 19:22:54.793","109","0","Sell"
"1","1084","1170","2021-04-14 19:22:54.795","0","56","Buy"
"1","1085","1171","2021-04-14 19:22:54.796","105","33","Buy"
"1","1086","1172","2021-04-14 19:22:54.797","104","180","Buy"
"1","1087","-1145","2021-04-14 19:22:54.800","110","0","Sell"
"1","1088","-1144","2021-04-14 19:22:54.803","112","0","Sell"
"1","1089","1175","2021-04-14 19:22:54.804","106","2679","Buy"
"1","1090","1176","2021-04-14 19:22:54.806","0","69","Buy"
"1","1091","1178","2021-04-14 19:22:54.809","110","123","Sell"
"1","1092","1179","2021-04-14 19:22:54.810","107","41","Buy"
"1","1093","-1179","2021-04-14 19:22:54.813","107","0","Buy"
"1","1094","-1178","2021-04-14 19:22:54.816","110","0","Sell"
"1","1095","1182","2021-04-14 19:22:54.817","105","24","Buy"
"1","1096","1183","2021-04-14 19:22:54.819","112","22","Sell"
"1","1097","1184","2021-04-14 19:22:54.820","107","21","Buy"
"1","1098","-1159","2021-04-14 19:22:54.823","111","0","Sell"
"1","1099","1186","2021-04-14 19:22:54.824","112","44","Sell"
"1","1100","1187","2021-04-14 19:22:54.825","108","110","Buy"
"1","1101","1188","2021-04-14 19:22:54.827","0","98","Buy"
"1","1102","-1187","2021-04-14 19:22:54.829","108","0","Buy"
"1","1103","-1157","2021-04-14 19:22:54.832","111","0","Sell"
"1","1104","-1153","2021-04-14 19:22:54.835","111","0","Sell"
"1","1105","1192","2021-04-14 19:22:54.836","111","23","Sell"
"1","1106","-1186","2021-04-14 19:22:54.839","112","0","Sell"
"1","1107","1194","2021-04-14 19:22:54.840","106","56","Buy"
"1","1108","1195","2021-04-14 19:22:54.841","0","54","Sell"
"1","1109","1196","2021-04-14 19:22:54.843","112","220","Sell"
"1","1110","1197","2021-04-14 19:22:54.844","107","32","Buy"
"1","1111","-1183","2021-04-14 19:22:54.847","112","0","Sell"
"1","1112","1199","2021-04-14 19:22:54.848","0","73","Sell"
"1","1113","1200","2021-04-14 19:22:54.849","112","50","Sell"
"1","1114","1201","2021-04-14 19:22:54.851","112","30","Sell"
"1","1115","-1194","2021-04-14 19:22:54.853","106","0","Buy"
"1","1116","1203","2021-04-14 19:22:54.855","110","39","Sell"
"1","1117","-1168","2021-04-14 19:22:54.857","103","0","Buy"
"1","1118","1205","2021-04-14 19:22:54.859","111","67","Sell"
"1","1119","-1203","2021-04-14 19:22:54.861","110","0","Sell"
"1","1120","-1205","2021-04-14 19:22:54.864","111","0","Sell"
"1","1121","-1192","2021-04-14 19:22:54.866","111","0","Sell"
"1","1122","1209","2021-04-14 19:22:54.867","113","76","Sell"
"1","1123","1210","2021-04-14 19:22:54.868","105","31","Buy"
"1","1124","1211","2021-04-14 19:22:54.870","0","59","Sell"
"1","1125","-1171","2021-04-14 19:22:54.872","105","0","Buy"
"1","1126","1213","2021-04-14 19:22:54.874","111","20","Sell"
"1","1127","1214","2021-04-14 19:22:54.875","110","404","Sell"
"1","1128","-1214","2021-04-14 19:22:54.878","110","0","Sell"
"1","1129","1216","2021-04-14 19:22:54.879","107","25","Buy"
"1","1130","1217","2021-04-14 19:22:54.880","106","127","Buy"
"1","1131","1218","2021-04-14 19:22:54.882","106","27","Buy"
"1","1132","-1201","2021-04-14 19:22:54.884","112","0","Sell"
"1","1133","-1216","2021-04-14 19:22:54.887","107","0","Buy"
"1","1134","1221","2021-04-14 19:22:54.888","105","118","Buy"
"1","1135","1222","2021-04-14 19:22:54.889","0","549","Buy"
"1","1136","-1175","2021-04-14 19:22:54.892","106","0","Buy"
"1","1137","1224","2021-04-14 19:22:54.893","116","27","Sell"
"1","1138","1225","2021-04-14 19:22:54.894","0","62","Buy"
"1","1139","-1218","2021-04-14 19:22:54.897","106","0","Buy"
"1","1140","1228","2021-04-14 19:22:54.899","107","27","Buy"
"1","1141","-1182","2021-04-14 19:22:54.901","105","0","Buy"
"1","1142","1230","2021-04-14 19:22:54.903","106","48","Buy"
"1","1143","-1228","2021-04-14 19:22:54.905","107","0","Buy"
"1","1144","1233","2021-04-14 19:22:54.907","107","24","Buy"
"1","1145","-1233","2021-04-14 19:22:54.909","107","0","Buy"
"1","1146","1235","2021-04-14 19:22:54.910","111","51","Sell"
"1","1147","-1172","2021-04-14 19:22:54.913","104","0","Buy"
"1","1148","-1230","2021-04-14 19:22:54.915","106","0","Buy"
"1","1149","1239","2021-04-14 19:22:54.918","110","22","Sell"
"1","1150","1240","2021-04-14 19:22:54.920","107","24","Buy"
"1","1151","1241","2021-04-14 19:22:54.921","109","82","Sell"
"1","1152","-1162","2021-04-14 19:22:54.924","104","0","Buy"
"1","1153","1243","2021-04-14 19:22:54.925","108","29","Sell"
"1","1154","-1240","2021-04-14 19:22:54.927","107","0","Buy"
"1","1155","1245","2021-04-14 19:22:54.929","105","34","Buy"
"1","1156","-1241","2021-04-14 19:22:54.931","109","0","Sell"
"1","1157","1247","2021-04-14 19:22:54.933","107","22","Sell"
"1","1158","1248","2021-04-14 19:22:54.934","105","379","Buy"
"1","1159","-1217","2021-04-14 19:22:54.937","106","0","Buy"
"1","1160","-1245","2021-04-14 19:22:54.939","105","0","Buy"
"1","1161","1251","2021-04-14 19:22:54.941","108","25","Sell"
"1","1162","1252","2021-04-14 19:22:54.942","104","68","Buy"
"1","1163","1253","2021-04-14 19:22:54.943","106","55","Buy"
"1","1164","-1243","2021-04-14 19:22:54.946","108","0","Sell"
"1","1165","1255","2021-04-14 19:22:54.948","0","55","Sell"
"1","1166","1256","2021-04-14 19:22:54.949","106","23","Sell"
"1","1167","1257","2021-04-14 19:22:54.950","0","61","Buy"
"1","1168","-1239","2021-04-14 19:22:54.953","110","0","Sell"
"1","1169","-1235","2021-04-14 19:22:54.956","111","0","Sell"
"1","1170","1260","2021-04-14 19:22:54.957","106","32","Buy"
"1","1171","1262","2021-04-14 19:22:54.960","107","81","Buy"
"1","1172","-1262","2021-04-14 19:22:54.962","107","0","Buy"
"1","1173","1264","2021-04-14 19:22:54.964","105","77","Buy"
"1","1174","-1251","2021-04-14 19:22:54.966","108","0","Sell"
"1","1175","-1221","2021-04-14 19:22:54.969","105","0","Buy"
"1","1176","-1248","2021-04-14 19:22:54.971","105","0","Buy"
"1","1177","1268","2021-04-14 19:22:54.973","107","41","Buy"
"1","1178","-1260","2021-04-14 19:22:54.975","106","0","Buy"
"1","1179","1270","2021-04-14 19:22:54.976","106","20","Buy"
"1","1180","1272","2021-04-14 19:22:54.978","117","24","Sell"
"1","1181","1273","2021-04-14 19:22:54.980","118","28","Sell"
"1","1182","-1268","2021-04-14 19:22:54.982","107","0","Buy"
"1","1183","-1272","2021-04-14 19:22:54.984","117","0","Sell"
"1","1184","-1273","2021-04-14 19:22:54.987","118","0","Sell"
"1","1185","1278","2021-04-14 19:22:54.989","107","23","Buy"
"1","1186","1280","2021-04-14 19:22:54.990","116","31","Sell"
"1","1187","-1278","2021-04-14 19:22:54.993","107","0","Buy"
"1","1188","1282","2021-04-14 19:22:54.995","0","50","Sell"
"1","1189","1283","2021-04-14 19:22:54.996","115","151","Sell"
"1","1190","-1210","2021-04-14 19:22:54.998","105","0","Buy"
"1","1191","1285","2021-04-14 19:22:54.999","114","21","Sell"
"1","1192","-1252","2021-04-14 19:22:55.002","104","0","Buy"
"1","1193","1287","2021-04-14 19:22:55.003","106","24","Buy"
"1","1194","-1287","2021-04-14 19:22:55.006","106","0","Buy"
"1","1195","1289","2021-04-14 19:22:55.007","113","397","Sell"
"1","1196","1290","2021-04-14 19:22:55.008","114","155","Sell"
"1","1197","-1283","2021-04-14 19:22:55.011","115","0","Sell"
"1","1198","1292","2021-04-14 19:22:55.012","0","52","Buy"
"1","1199","-1264","2021-04-14 19:22:55.015","105","0","Buy"
"1","1200","1294","2021-04-14 19:22:55.016","112","22","Sell"
"1","1201","1295","2021-04-14 19:22:55.017","111","125","Sell"
"1","1202","1297","2021-04-14 19:22:55.019","103","29","Buy"
"1","1203","-1297","2021-04-14 19:22:55.022","103","0","Buy"
"1","1204","-1294","2021-04-14 19:22:55.025","112","0","Sell"
"1","1205","1302","2021-04-14 19:22:55.026","110","22","Buy"
"1","1206","-1302","2021-04-14 19:22:55.028","110","0","Buy"
"1","1207","-1295","2021-04-14 19:22:55.031","111","0","Sell"
"1","1208","1306","2021-04-14 19:22:55.032","114","121","Sell"
"1","1209","1307","2021-04-14 19:22:55.034","103","51","Buy"
"1","1210","1308","2021-04-14 19:22:55.035","102","28","Buy"
"1","1211","1309","2021-04-14 19:22:55.036","104","23","Buy"
"1","1212","1310","2021-04-14 19:22:55.038","112","135","Sell"
"1","1213","1311","2021-04-14 19:22:55.039","103","37","Buy"
"1","1214","-1280","2021-04-14 19:22:55.042","116","0","Sell"
"1","1215","1313","2021-04-14 19:22:55.043","0","52","Sell"
"1","1216","1314","2021-04-14 19:22:55.045","113","37","Sell"
"1","1217","-1307","2021-04-14 19:22:55.048","103","0","Buy"
"1","1218","-1310","2021-04-14 19:22:55.050","112","0","Sell"
"1","1219","-1308","2021-04-14 19:22:55.052","102","0","Buy"
"1","1220","1318","2021-04-14 19:22:55.054","104","28","Buy"
"1","1221","1319","2021-04-14 19:22:55.055","105","40","Buy"
"1","1222","-1319","2021-04-14 19:22:55.058","105","0","Buy"
"1","1223","1321","2021-04-14 19:22:55.059","105","76","Buy"
"1","1224","-1306","2021-04-14 19:22:55.062","114","0","Sell"
"1","1225","-1311","2021-04-14 19:22:55.064","103","0","Buy"
"1","1226","1324","2021-04-14 19:22:55.065","112","37","Sell"
"1","1227","-1318","2021-04-14 19:22:55.068","104","0","Buy"
"1","1228","1326","2021-04-14 19:22:55.069","111","41","Sell"
"1","1229","-1321","2021-04-14 19:22:55.072","105","0","Buy"
"1","1230","1328","2021-04-14 19:22:55.073","106","22","Buy"
"1","1231","1329","2021-04-14 19:22:55.075","105","177","Buy"
"1","1232","-1328","2021-04-14 19:22:55.077","106","0","Buy"
"1","1233","-1324","2021-04-14 19:22:55.080","112","0","Sell"
"1","1234","-1329","2021-04-14 19:22:55.082","105","0","Buy"
"1","1235","1333","2021-04-14 19:22:55.084","102","33","Buy"
"1","1236","1334","2021-04-14 19:22:55.085","0","72","Sell"
"1","1237","1335","2021-04-14 19:22:55.086","101","37","Buy"
"1","1238","-1285","2021-04-14 19:22:55.089","114","0","Sell"
"1","1239","1337","2021-04-14 19:22:55.090","102","33","Buy"
"1","1240","1338","2021-04-14 19:22:55.092","0","186","Buy"
"1","1241","1339","2021-04-14 19:22:55.093","114","150","Sell"
"1","1242","1340","2021-04-14 19:22:55.094","0","112","Buy"
"1","1243","1341","2021-04-14 19:22:55.096","103","54","Buy"
"1","1244","-1314","2021-04-14 19:22:55.098","113","0","Sell"
"1","1245","1343","2021-04-14 19:22:55.100","0","57","Sell"
"1","1246","1344","2021-04-14 19:22:55.101","114","43","Sell"
"1","1247","1345","2021-04-14 19:22:55.103","0","91","Sell"
"1","1248","-1290","2021-04-14 19:22:55.105","114","0","Sell"
"1","1249","1347","2021-04-14 19:22:55.106","106","40","Buy"
"1","1250","1348","2021-04-14 19:22:55.108","107","25","Buy"
"1","1251","1349","2021-04-14 19:22:55.109","112","122","Sell"
"1","1252","-1339","2021-04-14 19:22:55.111","114","0","Sell"
"1","1253","1351","2021-04-14 19:22:55.113","0","460","Buy"
"1","1254","1352","2021-04-14 19:22:55.114","108","131","Buy"
"1","1255","1353","2021-04-14 19:22:55.116","109","23","Buy"
"1","1256","-1353","2021-04-14 19:22:55.118","109","0","Buy"
"1","1257","1357","2021-04-14 19:22:55.120","107","105","Buy"
"1","1258","1358","2021-04-14 19:22:55.122","107","793","Buy"
"1","1259","-1357","2021-04-14 19:22:55.124","107","0","Buy"
"1","1260","1360","2021-04-14 19:22:55.125","109","85","Buy"
"1","1261","1361","2021-04-14 19:22:55.126","112","128","Sell"
"1","1262","1362","2021-04-14 19:22:55.128","108","34","Buy"
"1","1263","-1352","2021-04-14 19:22:55.130","108","0","Buy"
"1","1264","1364","2021-04-14 19:22:55.132","110","46","Buy"
"1","1265","1365","2021-04-14 19:22:55.133","0","54","Sell"
"1","1266","1366","2021-04-14 19:22:55.134","113","567","Sell"
"1","1267","1367","2021-04-14 19:22:55.136","113","25","Sell"
"1","1268","1368","2021-04-14 19:22:55.137","113","23","Sell"
"1","1269","-1361","2021-04-14 19:22:55.140","112","0","Sell"
"1","1270","1370","2021-04-14 19:22:55.141","108","33","Buy"
"1","1271","1371","2021-04-14 19:22:55.142","110","31","Buy"
"1","1272","1372","2021-04-14 19:22:55.144","0","75","Buy"
"1","1273","-1360","2021-04-14 19:22:55.146","109","0","Buy"
"1","1274","1374","2021-04-14 19:22:55.148","109","214","Buy"
"1","1275","1375","2021-04-14 19:22:55.149","112","33","Sell"
"1","1276","-1362","2021-04-14 19:22:55.152","108","0","Buy"
"1","1277","-1375","2021-04-14 19:22:55.155","112","0","Sell"
"1","1278","-1371","2021-04-14 19:22:55.158","110","0","Buy"
"1","1279","-1374","2021-04-14 19:22:55.160","109","0","Buy"
"1","1280","-1370","2021-04-14 19:22:55.163","108","0","Buy"
"1","1281","1381","2021-04-14 19:22:55.164","108","32","Buy"
"1","1282","-1381","2021-04-14 19:22:55.167","108","0","Buy"
"1","1283","1383","2021-04-14 19:22:55.168","114","29","Sell"
"1","1284","1384","2021-04-14 19:22:55.170","108","25","Buy"
"1","1285","-1366","2021-04-14 19:22:55.172","113","0","Sell"
"1","1286","1386","2021-04-14 19:22:55.174","114","40","Sell"
"1","1287","1387","2021-04-14 19:22:55.175","107","59","Buy"
"1","1288","1388","2021-04-14 19:22:55.177","112","27","Sell"
"1","1289","1389","2021-04-14 19:22:55.178","109","51","Buy"
"1","1290","1390","2021-04-14 19:22:55.179","0","751","Sell"
"1","1291","1391","2021-04-14 19:22:55.182","111","735","Sell"
"1","1292","-1368","2021-04-14 19:22:55.185","113","0","Sell"
"1","1293","-1391","2021-04-14 19:22:55.187","111","0","Sell"
"1","1294","1394","2021-04-14 19:22:55.189","111","57","Sell"
"1","1295","-1347","2021-04-14 19:22:55.192","106","0","Buy"
"1","1296","1396","2021-04-14 19:22:55.193","108","52","Buy"
"1","1297","-1386","2021-04-14 19:22:55.195","114","0","Sell"
"1","1298","1398","2021-04-14 19:22:55.197","112","23","Sell"
"1","1299","-1396","2021-04-14 19:22:55.200","108","0","Buy"
"1","1300","-1388","2021-04-14 19:22:55.202","112","0","Sell"
"1","1301","1401","2021-04-14 19:22:55.204","110","218","Sell"
"1","1302","1402","2021-04-14 19:22:55.205","0","85","Buy"
"1","1303","1403","2021-04-14 19:22:55.207","111","25","Sell"
"1","1304","1404","2021-04-14 19:22:55.208","108","29","Buy"
"1","1305","-1404","2021-04-14 19:22:55.210","108","0","Buy"
"1","1306","1406","2021-04-14 19:22:55.211","108","26","Buy"
"1","1307","1407","2021-04-14 19:22:55.213","109","46","Buy"
"1","1308","1408","2021-04-14 19:22:55.214","108","421","Buy"
"1","1309","1409","2021-04-14 19:22:55.216","108","27","Buy"
"1","1310","1410","2021-04-14 19:22:55.217","0","147","Buy"
"1","1311","1411","2021-04-14 19:22:55.218","0","242","Buy"
"1","1312","-1358","2021-04-14 19:22:55.221","107","0","Buy"
"1","1313","1413","2021-04-14 19:22:55.222","116","108","Sell"
"1","1314","1416","2021-04-14 19:22:55.227","0","189","Buy"
"1","1315","-1407","2021-04-14 19:22:55.229","109","0","Buy"
"1","1316","-1408","2021-04-14 19:22:55.231","108","0","Buy"
"1","1317","1419","2021-04-14 19:22:55.233","114","107","Sell"
"1","1318","-1419","2021-04-14 19:22:55.235","114","0","Sell"
"1","1319","1421","2021-04-14 19:22:55.236","117","27","Sell"
"1","1320","-1387","2021-04-14 19:22:55.239","107","0","Buy"
"1","1321","1424","2021-04-14 19:22:55.241","107","9679","Buy"
"1","1322","-1409","2021-04-14 19:22:55.245","108","0","Buy"
"1","1323","-1421","2021-04-14 19:22:55.248","117","0","Sell"
"1","1324","1430","2021-04-14 19:22:55.250","111","102","Sell"
"1","1325","1432","2021-04-14 19:22:55.253","112","22","Sell"
"1","1326","1433","2021-04-14 19:22:55.254","110","166","Sell"
"1","1327","1434","2021-04-14 19:22:55.256","0","87","Sell"
"1","1328","1435","2021-04-14 19:22:55.257","106","54","Buy"
"1","1329","1436","2021-04-14 19:22:55.258","106","27","Buy"
"1","1330","-1430","2021-04-14 19:22:55.261","111","0","Sell"
"1","1331","1438","2021-04-14 19:22:55.262","106","24","Buy"
"1","1332","1439","2021-04-14 19:22:55.263","111","82","Sell"
"1","1333","1440","2021-04-14 19:22:55.264","111","5461","Sell"
"1","1334","-1433","2021-04-14 19:22:55.267","110","0","Sell"
"1","1335","1442","2021-04-14 19:22:55.269","112","40","Sell"
"1","1336","1443","2021-04-14 19:22:55.270","110","174","Sell"
"1","1337","-1436","2021-04-14 19:22:55.273","106","0","Buy"
"1","1338","1445","2021-04-14 19:22:55.274","108","131","Buy"
"1","1339","1446","2021-04-14 19:22:55.275","107","218","Buy"
"1","1340","1447","2021-04-14 19:22:55.276","109","32","Buy"
"1","1341","-1435","2021-04-14 19:22:55.280","106","0","Buy"
"1","1342","1449","2021-04-14 19:22:55.281","0","65","Buy"
"1","1343","1450","2021-04-14 19:22:55.282","0","50","Sell"
"1","1344","1451","2021-04-14 19:22:55.284","111","72","Sell"
"1","1345","-1445","2021-04-14 19:22:55.287","108","0","Buy"
"1","1346","1453","2021-04-14 19:22:55.288","106","53","Buy"
"1","1347","-1453","2021-04-14 19:22:55.291","106","0","Buy"
"1","1348","1455","2021-04-14 19:22:55.292","111","27","Sell"
"1","1349","1456","2021-04-14 19:22:55.293","109","44","Sell"
"1","1350","1457","2021-04-14 19:22:55.294","110","25","Sell"
"1","1351","-1456","2021-04-14 19:22:55.297","109","0","Sell"
"1","1352","-1438","2021-04-14 19:22:55.300","106","0","Buy"
"1","1353","1460","2021-04-14 19:22:55.301","106","41","Buy"
"1","1354","1461","2021-04-14 19:22:55.303","106","28","Buy"
"1","1355","-1443","2021-04-14 19:22:55.305","110","0","Sell"
"1","1356","1463","2021-04-14 19:22:55.306","111","27","Sell"
"1","1357","1464","2021-04-14 19:22:55.308","111","33","Sell"
"1","1358","-1461","2021-04-14 19:22:55.310","106","0","Buy"
"1","1359","1466","2021-04-14 19:22:55.312","109","24","Sell"
"1","1360","-1446","2021-04-14 19:22:55.314","107","0","Buy"
"1","1361","1468","2021-04-14 19:22:55.316","106","487","Buy"
"1","1362","-1460","2021-04-14 19:22:55.319","106","0","Buy"
"1","1363","1470","2021-04-14 19:22:55.320","108","37","Sell"
"1","1364","-1468","2021-04-14 19:22:55.323","106","0","Buy"
"1","1365","-1424","2021-04-14 19:22:55.326","107","0","Buy"
"1","1366","1473","2021-04-14 19:22:55.327","0","289","Buy"
"1","1367","1474","2021-04-14 19:22:55.329","104","69","Buy"
"1","1368","1475","2021-04-14 19:22:55.330","0","64","Sell"
"1","1369","1476","2021-04-14 19:22:55.331","110","57","Sell"
"1","1370","1477","2021-04-14 19:22:55.333","111","126","Sell"
"1","1371","-1477","2021-04-14 19:22:55.336","111","0","Sell"
"1","1372","1479","2021-04-14 19:22:55.337","0","332","Buy"
"1","1373","-1455","2021-04-14 19:22:55.340","111","0","Sell"
"1","1374","1482","2021-04-14 19:22:55.343","112","48","Sell"
"1","1375","1483","2021-04-14 19:22:55.344","0","93","Sell"
"1","1376","1484","2021-04-14 19:22:55.346","103","276","Buy"
"1","1377","1486","2021-04-14 19:22:55.349","102","78","Buy"
"1","1378","1487","2021-04-14 19:22:55.350","104","56","Buy"
"1","1379","1488","2021-04-14 19:22:55.352","110","46","Sell"
"1","1380","1489","2021-04-14 19:22:55.353","111","41","Sell"
"1","1381","-1489","2021-04-14 19:22:55.356","111","0","Sell"
"1","1382","-1440","2021-04-14 19:22:55.358","111","0","Sell"
"1","1383","-1487","2021-04-14 19:22:55.361","104","0","Buy"
"1","1384","-1486","2021-04-14 19:22:55.363","102","0","Buy"
"1","1385","1494","2021-04-14 19:22:55.364","104","49","Buy"
"1","1386","1495","2021-04-14 19:22:55.366","103","24","Buy"
"1","1387","1496","2021-04-14 19:22:55.367","0","218","Sell"
"1","1388","-1495","2021-04-14 19:22:55.370","103","0","Buy"
"1","1389","1498","2021-04-14 19:22:55.372","111","31","Sell"
"1","1390","-1484","2021-04-14 19:22:55.374","103","0","Buy"
"1","1391","1500","2021-04-14 19:22:55.375","105","25","Buy"
"1","1392","1501","2021-04-14 19:22:55.377","0","61","Sell"
"1","1393","1503","2021-04-14 19:22:55.378","111","28","Sell"
"1","1394","1504","2021-04-14 19:22:55.379","109","25","Sell"
"1","1395","-1504","2021-04-14 19:22:55.383","109","0","Sell"
"1","1396","-1463","2021-04-14 19:22:55.385","111","0","Sell"
"1","1397","1509","2021-04-14 19:22:55.386","108","22","Buy"
"1","1398","1510","2021-04-14 19:22:55.388","109","65","Sell"
"1","1399","1511","2021-04-14 19:22:55.389","107","32","Buy"
"1","1400","1512","2021-04-14 19:22:55.390","107","31","Buy"
"1","1401","1513","2021-04-14 19:22:55.392","107","76","Buy"
"1","1402","1514","2021-04-14 19:22:55.393","109","24","Buy"
"1","1403","1515","2021-04-14 19:22:55.394","108","200","Sell"
"1","1404","1516","2021-04-14 19:22:55.395","0","102","Buy"
"1","1405","1517","2021-04-14 19:22:55.397","107","24","Sell"
"1","1406","1518","2021-04-14 19:22:55.398","107","33","Sell"
"1","1407","1519","2021-04-14 19:22:55.400","0","117","Sell"
"1","1408","-1498","2021-04-14 19:22:55.403","111","0","Sell"
"1","1409","1521","2021-04-14 19:22:55.404","107","610","Buy"
"1","1410","-1515","2021-04-14 19:22:55.407","108","0","Sell"
"1","1411","1523","2021-04-14 19:22:55.408","110","23","Sell"
"1","1412","1524","2021-04-14 19:22:55.410","108","25","Sell"
"1","1413","-1521","2021-04-14 19:22:55.412","107","0","Buy"
"1","1414","1526","2021-04-14 19:22:55.414","103","204","Buy"
"1","1415","-1451","2021-04-14 19:22:55.417","111","0","Sell"
"1","1416","1528","2021-04-14 19:22:55.418","104","24","Buy"
"1","1417","-1526","2021-04-14 19:22:55.421","103","0","Buy"
"1","1418","1530","2021-04-14 19:22:55.422","0","331","Buy"
"1","1419","1533","2021-04-14 19:22:55.425","103","34","Buy"
"1","1420","1534","2021-04-14 19:22:55.427","105","44","Buy"
"1","1421","1535","2021-04-14 19:22:55.428","106","30","Buy"
"1","1422","1536","2021-04-14 19:22:55.429","115","30","Sell"
"1","1423","1537","2021-04-14 19:22:55.431","116","24","Sell"
"1","1424","1538","2021-04-14 19:22:55.432","107","43","Buy"
"1","1425","-1528","2021-04-14 19:22:55.435","104","0","Buy"
"1","1426","-1537","2021-04-14 19:22:55.438","116","0","Sell"
"1","1427","1541","2021-04-14 19:22:55.439","108","31","Buy"
"1","1428","1542","2021-04-14 19:22:55.441","116","213","Sell"
"1","1429","-1541","2021-04-14 19:22:55.444","108","0","Buy"
"1","1430","-1542","2021-04-14 19:22:55.446","116","0","Sell"
"1","1431","-1536","2021-04-14 19:22:55.449","115","0","Sell"
"1","1432","1546","2021-04-14 19:22:55.450","108","115","Buy"
"1","1433","1547","2021-04-14 19:22:55.452","0","111","Sell"
"1","1434","-1546","2021-04-14 19:22:55.454","108","0","Buy"
"1","1435","1549","2021-04-14 19:22:55.456","106","160","Buy"
"1","1436","1550","2021-04-14 19:22:55.457","108","33","Buy"
"1","1437","1551","2021-04-14 19:22:55.458","109","73","Buy"
"1","1438","-1535","2021-04-14 19:22:55.461","106","0","Buy"
"1","1439","1554","2021-04-14 19:22:55.463","117","21","Sell"
"1","1440","-1554","2021-04-14 19:22:55.465","117","0","Sell"
"1","1441","1556","2021-04-14 19:22:55.466","110","22","Buy"
"1","1442","1557","2021-04-14 19:22:55.468","111","109","Buy"
"1","1443","1558","2021-04-14 19:22:55.469","112","33","Buy"
"1","1444","1559","2021-04-14 19:22:55.471","113","71","Buy"
"1","1445","1560","2021-04-14 19:22:55.472","112","30","Buy"
"1","1446","-1559","2021-04-14 19:22:55.475","113","0","Buy"
"1","1447","1562","2021-04-14 19:22:55.476","0","1404","Sell"
"1","1448","1563","2021-04-14 19:22:55.477","118","27","Sell"
"1","1449","1565","2021-04-14 19:22:55.480","119","39","Sell"
"1","1450","1566","2021-04-14 19:22:55.482","0","150","Buy"
"1","1451","1568","2021-04-14 19:22:55.484","116","32","Sell"
"1","1452","1569","2021-04-14 19:22:55.485","115","724","Sell"
"1","1453","-1569","2021-04-14 19:22:55.488","115","0","Sell"
"1","1454","1572","2021-04-14 19:22:55.489","0","519","Buy"
"1","1455","1573","2021-04-14 19:22:55.491","118","254","Sell"
"1","1456","1574","2021-04-14 19:22:55.492","0","192","Buy"
"1","1457","1575","2021-04-14 19:22:55.493","108","80","Buy"
"1","1458","-1573","2021-04-14 19:22:55.496","118","0","Sell"
"1","1459","-1575","2021-04-14 19:22:55.498","108","0","Buy"
"1","1460","1580","2021-04-14 19:22:55.500","116","84","Buy"
"1","1461","1581","2021-04-14 19:22:55.501","120","102","Sell"
"1","1462","1582","2021-04-14 19:22:55.503","115","26","Buy"
"1","1463","1583","2021-04-14 19:22:55.504","115","21","Buy"
"1","1464","-1581","2021-04-14 19:22:55.506","120","0","Sell"
"1","1465","1585","2021-04-14 19:22:55.508","117","77","Buy"
"1","1466","1586","2021-04-14 19:22:55.509","0","151","Sell"
"1","1467","1588","2021-04-14 19:22:55.510","0","1598","Sell"
"1","1468","1598","2021-04-14 19:22:55.515","122","43","Sell"
"1","1469","1599","2021-04-14 19:22:55.517","121","20","Sell"
"1","1470","-1598","2021-04-14 19:22:55.519","122","0","Sell"
"1","1471","-1599","2021-04-14 19:22:55.521","121","0","Sell"
"1","1472","1602","2021-04-14 19:22:55.523","112","50","Buy"
"1","1473","1603","2021-04-14 19:22:55.524","117","133","Sell"
"1","1474","1604","2021-04-14 19:22:55.525","118","38","Sell"
"1","1475","1605","2021-04-14 19:22:55.526","118","124","Sell"
"1","1476","1607","2021-04-14 19:22:55.529","118","42","Sell"
"1","1477","-1603","2021-04-14 19:22:55.532","117","0","Sell"
"1","1478","1609","2021-04-14 19:22:55.533","117","52","Sell"
"1","1479","-1604","2021-04-14 19:22:55.537","118","0","Sell"
"1","1480","-1607","2021-04-14 19:22:55.539","118","0","Sell"
"1","1481","1613","2021-04-14 19:22:55.541","111","68","Buy"
"1","1482","1614","2021-04-14 19:22:55.542","0","84","Buy"
"1","1483","-1605","2021-04-14 19:22:55.546","118","0","Sell"
"1","1484","1617","2021-04-14 19:22:55.547","116","82","Sell"
"1","1485","-1617","2021-04-14 19:22:55.549","116","0","Sell"
"1","1486","1620","2021-04-14 19:22:55.551","113","42","Buy"
"1","1487","1622","2021-04-14 19:22:55.553","112","41","Buy"
"1","1488","1623","2021-04-14 19:22:55.554","112","118","Buy"
"1","1489","1625","2021-04-14 19:22:55.556","114","50","Buy"
"1","1490","1626","2021-04-14 19:22:55.557","0","136","Sell"
"1","1491","1630","2021-04-14 19:22:55.559","111","29","Buy"
"1","1492","1631","2021-04-14 19:22:55.561","111","58","Buy"
"1","1493","1632","2021-04-14 19:22:55.562","113","51","Buy"
"1","1494","1633","2021-04-14 19:22:55.563","114","269","Buy"
"1","1495","-1623","2021-04-14 19:22:55.566","112","0","Buy"
"1","1496","1638","2021-04-14 19:22:55.568","113","25","Buy"
"1","1497","1639","2021-04-14 19:22:55.570","115","34","Buy"
"1","1498","-1639","2021-04-14 19:22:55.573","115","0","Buy"
"1","1499","1641","2021-04-14 19:22:55.574","113","31","Buy"
"1","1500","1643","2021-04-14 19:22:55.576","121","39","Sell"
"1","1501","1644","2021-04-14 19:22:55.577","120","99","Sell"
"1","1502","1645","2021-04-14 19:22:55.578","0","103","Sell"
"1","1503","1646","2021-04-14 19:22:55.580","113","39","Buy"
"1","1504","1647","2021-04-14 19:22:55.581","121","20","Sell"
"1","1505","1648","2021-04-14 19:22:55.582","119","76","Sell"
"1","1506","1649","2021-04-14 19:22:55.584","120","48","Sell"
"1","1507","1650","2021-04-14 19:22:55.585","115","36","Buy"
"1","1508","1651","2021-04-14 19:22:55.587","114","31","Buy"
"1","1509","1652","2021-04-14 19:22:55.588","116","97","Buy"
"1","1510","-1644","2021-04-14 19:22:55.591","120","0","Sell"
"1","1511","1654","2021-04-14 19:22:55.592","118","53","Sell"
"1","1512","-1652","2021-04-14 19:22:55.595","116","0","Buy"
"1","1513","-1654","2021-04-14 19:22:55.598","118","0","Sell"
"1","1514","1657","2021-04-14 19:22:55.599","116","39","Buy"
"1","1515","1658","2021-04-14 19:22:55.601","120","55","Sell"
"1","1516","-1657","2021-04-14 19:22:55.604","116","0","Buy"
"1","1517","1660","2021-04-14 19:22:55.605","0","1816","Sell"
"1","1518","1661","2021-04-14 19:22:55.607","112","92","Buy"
"1","1519","1662","2021-04-14 19:22:55.608","118","139","Sell"
"1","1520","1663","2021-04-14 19:22:55.609","113","41","Buy"
"1","1521","1664","2021-04-14 19:22:55.611","119","34","Sell"
"1","1522","1665","2021-04-14 19:22:55.612","112","34","Buy"
"1","1523","-1662","2021-04-14 19:22:55.615","118","0","Sell"
"1","1524","1667","2021-04-14 19:22:55.616","114","54","Buy"
"1","1525","1668","2021-04-14 19:22:55.617","113","27","Buy"
"1","1526","1669","2021-04-14 19:22:55.619","0","63","Sell"
"1","1527","-1643","2021-04-14 19:22:55.621","121","0","Sell"
"1","1528","1671","2021-04-14 19:22:55.623","0","174","Sell"
"1","1529","1672","2021-04-14 19:22:55.624","0","206","Buy"
"1","1530","-1658","2021-04-14 19:22:55.628","120","0","Sell"
"1","1531","-1665","2021-04-14 19:22:55.630","112","0","Buy"
"1","1532","1679","2021-04-14 19:22:55.632","112","68","Buy"
"1","1533","1680","2021-04-14 19:22:55.633","0","170","Sell"
"1","1534","1681","2021-04-14 19:22:55.634","0","56","Buy"
"1","1535","1682","2021-04-14 19:22:55.636","111","42","Buy"
"1","1536","-1682","2021-04-14 19:22:55.638","111","0","Buy"
"1","1537","1684","2021-04-14 19:22:55.640","120","25","Buy"
"1","1538","1685","2021-04-14 19:22:55.641","119","533","Buy"
"1","1539","1686","2021-04-14 19:22:55.643","127","1945","Sell"
"1","1540","1687","2021-04-14 19:22:55.644","121","25","Buy"
"1","1541","1688","2021-04-14 19:22:55.645","122","50","Buy"
"1","1542","1689","2021-04-14 19:22:55.647","126","49","Sell"
"1","1543","-1688","2021-04-14 19:22:55.649","122","0","Buy"
"1","1544","1691","2021-04-14 19:22:55.651","122","27","Buy"
"1","1545","1692","2021-04-14 19:22:55.652","121","232","Buy"
"1","1546","1693","2021-04-14 19:22:55.654","0","210","Sell"
"1","1547","1694","2021-04-14 19:22:55.655","127","39","Sell"
"1","1548","1695","2021-04-14 19:22:55.656","127","28","Sell"
"1","1549","1696","2021-04-14 19:22:55.657","0","124","Sell"
"1","1550","1697","2021-04-14 19:22:55.659","120","46","Buy"
"1","1551","1698","2021-04-14 19:22:55.660","0","120","Sell"
"1","1552","-1689","2021-04-14 19:22:55.665","126","0","Sell"
"1","1553","1702","2021-04-14 19:22:55.667","120","51","Buy"
"1","1554","1704","2021-04-14 19:22:55.670","121","61","Buy"
"1","1555","-1685","2021-04-14 19:22:55.672","119","0","Buy"
"1","1556","-1704","2021-04-14 19:22:55.675","121","0","Buy"
"1","1557","1707","2021-04-14 19:22:55.676","121","54","Buy"
"1","1558","1708","2021-04-14 19:22:55.677","122","232","Buy"
"1","1559","1710","2021-04-14 19:22:55.680","121","24","Buy"
"1","1560","-1695","2021-04-14 19:22:55.685","127","0","Sell"
"1","1561","1713","2021-04-14 19:22:55.686","121","48","Buy"
"1","1562","1714","2021-04-14 19:22:55.687","121","21","Buy"
"1","1563","1715","2021-04-14 19:22:55.689","0","352","Sell"
"1","1564","1716","2021-04-14 19:22:55.690","0","257","Buy"
"1","1565","-1686","2021-04-14 19:22:55.694","127","0","Sell"
"1","1566","1719","2021-04-14 19:22:55.695","126","23","Sell"
"1","1567","1720","2021-04-14 19:22:55.696","125","21","Sell"
"1","1568","-1702","2021-04-14 19:22:55.699","120","0","Buy"
"1","1569","-1694","2021-04-14 19:22:55.701","127","0","Sell"
"1","1570","1723","2021-04-14 19:22:55.703","120","22","Buy"
"1","1571","1724","2021-04-14 19:22:55.704","0","198","Buy"
"1","1572","1726","2021-04-14 19:22:55.705","122","25","Buy"
"1","1573","1727","2021-04-14 19:22:55.706","132","22","Sell"
"1","1574","1728","2021-04-14 19:22:55.708","133","29","Sell"
"1","1575","1729","2021-04-14 19:22:55.709","133","48","Sell"
"1","1576","1730","2021-04-14 19:22:55.710","133","76","Sell"
"1","1577","-1726","2021-04-14 19:22:55.713","122","0","Buy"
"1","1578","-1727","2021-04-14 19:22:55.716","132","0","Sell"
"1","1579","1733","2021-04-14 19:22:55.718","122","56","Buy"
"1","1580","1734","2021-04-14 19:22:55.719","0","154","Sell"
"1","1581","1737","2021-04-14 19:22:55.722","127","24","Buy"
"1","1582","1738","2021-04-14 19:22:55.723","132","48","Sell"
"1","1583","1739","2021-04-14 19:22:55.725","126","66","Buy"
"1","1584","1740","2021-04-14 19:22:55.726","126","28","Buy"
"1","1585","1741","2021-04-14 19:22:55.727","128","63","Buy"
"1","1586","1742","2021-04-14 19:22:55.729","131","52","Sell"
"1","1587","-1742","2021-04-14 19:22:55.731","131","0","Sell"
"1","1588","1744","2021-04-14 19:22:55.732","127","121","Buy"
"1","1589","-1729","2021-04-14 19:22:55.735","133","0","Sell"
"1","1590","-1730","2021-04-14 19:22:55.738","133","0","Sell"
"1","1591","1747","2021-04-14 19:22:55.739","0","73","Sell"
"1","1592","1748","2021-04-14 19:22:55.740","131","100","Sell"
"1","1593","1749","2021-04-14 19:22:55.742","132","41","Sell"
"1","1594","1750","2021-04-14 19:22:55.743","130","26","Sell"
"1","1595","-1748","2021-04-14 19:22:55.746","131","0","Sell"
"1","1596","1752","2021-04-14 19:22:55.748","128","125","Buy"
"1","1597","1753","2021-04-14 19:22:55.749","0","59","Buy"
"1","1598","1754","2021-04-14 19:22:55.751","0","50","Buy"
"1","1599","-1749","2021-04-14 19:22:55.753","132","0","Sell"
"1","1600","1756","2021-04-14 19:22:55.754","0","273","Sell"
"1","1601","1757","2021-04-14 19:22:55.756","127","21","Buy"
"1","1602","1758","2021-04-14 19:22:55.757","126","23","Buy"
"1","1603","1759","2021-04-14 19:22:55.758","128","23","Buy"
"1","1604","1760","2021-04-14 19:22:55.760","132","172","Sell"
"1","1605","1761","2021-04-14 19:22:55.761","133","36","Sell"
"1","1606","1762","2021-04-14 19:22:55.762","127","31","Buy"
"1","1607","1763","2021-04-14 19:22:55.764","127","20","Buy"
"1","1608","1764","2021-04-14 19:22:55.765","127","33","Buy"
"1","1609","1765","2021-04-14 19:22:55.766","129","167","Buy"
"1","1610","1766","2021-04-14 19:22:55.768","0","80","Sell"
"1","1611","-1760","2021-04-14 19:22:55.771","132","0","Sell"
"1","1612","1769","2021-04-14 19:22:55.774","130","26","Buy"
"1","1613","-1769","2021-04-14 19:22:55.776","130","0","Buy"
"1","1614","1771","2021-04-14 19:22:55.778","132","54","Sell"
"1","1615","1772","2021-04-14 19:22:55.779","131","36","Sell"
"1","1616","-1763","2021-04-14 19:22:55.782","127","0","Buy"
"1","1617","1774","2021-04-14 19:22:55.783","128","44","Buy"
"1","1618","1775","2021-04-14 19:22:55.785","128","29","Buy"
"1","1619","1776","2021-04-14 19:22:55.786","130","35","Sell"
"1","1620","-1775","2021-04-14 19:22:55.789","128","0","Buy"
"1","1621","1778","2021-04-14 19:22:55.790","129","121","Sell"
"1","1622","1779","2021-04-14 19:22:55.792","0","434","Sell"
"1","1623","1781","2021-04-14 19:22:55.793","130","21","Sell"
"1","1624","1783","2021-04-14 19:22:55.795","119","21","Buy"
"1","1625","1784","2021-04-14 19:22:55.796","128","44","Sell"
"1","1626","-1783","2021-04-14 19:22:55.799","119","0","Buy"
"1","1627","1786","2021-04-14 19:22:55.801","129","25","Sell"
"1","1628","-1781","2021-04-14 19:22:55.804","130","0","Sell"
"1","1629","1788","2021-04-14 19:22:55.805","121","36","Buy"
"1","1630","-1788","2021-04-14 19:22:55.808","121","0","Buy"
"1","1631","1791","2021-04-14 19:22:55.810","127","53","Buy"
"1","1632","1792","2021-04-14 19:22:55.811","126","22","Buy"
"1","1633","-1792","2021-04-14 19:22:55.814","126","0","Buy"
"1","1634","1794","2021-04-14 19:22:55.815","126","69","Buy"
"1","1635","1795","2021-04-14 19:22:55.816","127","102","Sell"
"1","1636","-1794","2021-04-14 19:22:55.819","126","0","Buy"
"1","1637","1797","2021-04-14 19:22:55.821","124","23","Buy"
"1","1638","1798","2021-04-14 19:22:55.822","123","23","Buy"
"1","1639","-1797","2021-04-14 19:22:55.824","124","0","Buy"
"1","1640","1800","2021-04-14 19:22:55.826","126","54","Sell"
"1","1641","-1728","2021-04-14 19:22:55.828","133","0","Sell"
"1","1642","1802","2021-04-14 19:22:55.830","127","33","Sell"
"1","1643","-1798","2021-04-14 19:22:55.834","123","0","Buy"
"1","1644","1805","2021-04-14 19:22:55.836","119","48","Buy"
"1","1645","1806","2021-04-14 19:22:55.837","127","26","Sell"
"1","1646","1807","2021-04-14 19:22:55.839","120","240","Buy"
"1","1647","1808","2021-04-14 19:22:55.840","0","70","Sell"
"1","1648","1809","2021-04-14 19:22:55.841","119","35","Buy"
"1","1649","-1805","2021-04-14 19:22:55.844","119","0","Buy"
"1","1650","-1784","2021-04-14 19:22:55.847","128","0","Sell"
"1","1651","1812","2021-04-14 19:22:55.849","0","265","Sell"
"1","1652","1813","2021-04-14 19:22:55.850","121","36","Buy"
"1","1653","1814","2021-04-14 19:22:55.851","122","85","Buy"
"1","1654","-1814","2021-04-14 19:22:55.854","122","0","Buy"
"1","1655","-1813","2021-04-14 19:22:55.856","121","0","Buy"
"1","1656","1817","2021-04-14 19:22:55.858","0","843","Buy"
"1","1657","1820","2021-04-14 19:22:55.860","125","85","Buy"
"1","1658","1824","2021-04-14 19:22:55.862","126","30","Buy"
"1","1659","1825","2021-04-14 19:22:55.863","131","23","Sell"
"1","1660","1826","2021-04-14 19:22:55.865","127","31","Buy"
"1","1661","1827","2021-04-14 19:22:55.866","126","52","Buy"
"1","1662","1828","2021-04-14 19:22:55.867","130","22","Sell"
"1","1663","1829","2021-04-14 19:22:55.869","131","32","Sell"
"1","1664","-1826","2021-04-14 19:22:55.871","127","0","Buy"
"1","1665","-1824","2021-04-14 19:22:55.874","126","0","Buy"
