"SecurityId","OrderId","ClientOrderId","DateTime","Price","Volume","Side"
"1","1","1","2021-04-15 00:36:33.745","1000","87","Sell"
"1","2","3","2021-04-15 00:36:34.870","1001","103","Sell"
"1","3","4","2021-04-15 00:36:34.872","1001","77","Sell"
"1","4","-1","2021-04-15 00:36:35.000","1000","0","Sell"
"1","5","7","2021-04-15 00:36:35.002","1000","27","Sell"
"1","6","8","2021-04-15 00:36:35.004","999","46","Sell"
"1","7","-8","2021-04-15 00:36:35.007","999","0","Sell"
"1","8","-3","2021-04-15 00:36:35.010","1001","0","Sell"
"1","9","11","2021-04-15 00:36:35.012","0","120","Buy"
"1","10","13","2021-04-15 00:36:35.016","1","28","Sell"
"1","11","15","2021-04-15 00:36:35.020","-5","86","Buy"
"1","12","-13","2021-04-15 00:36:35.025","1","0","Sell"
"1","13","17","2021-04-15 00:36:35.028","-4","21","Buy"
"1","14","18","2021-04-15 00:36:35.032","-3","35","Sell"
"1","15","19","2021-04-15 00:36:35.035","-2","221","Sell"
"1","16","20","2021-04-15 00:36:35.037","-3","28","Buy"
"1","17","-17","2021-04-15 00:36:35.040","-4","0","Buy"
"1","18","22","2021-04-15 00:36:35.042","-6","34","Buy"
"1","19","23","2021-04-15 00:36:35.044","-4","85","Buy"
"1","20","24","2021-04-15 00:36:35.047","-2","25","Sell"
"1","21","25","2021-04-15 00:36:35.049","-5","131","Buy"
"1","22","26","2021-04-15 00:36:35.051","-3","35","Buy"
"1","23","27","2021-04-15 00:36:35.053","-4","28","Buy"
"1","24","29","2021-04-15 00:36:35.067","-4","139","Buy"
"1","25","30","2021-04-15 00:36:35.069","-3","36","Sell"
"1","26","31","2021-04-15 00:36:35.071","-5","66","Buy"
"1","27","-30","2021-04-15 00:36:35.075","-3","0","Sell"
"1","28","33","2021-04-15 00:36:35.077","-1","130","Sell"
"1","29","34","2021-04-15 00:36:35.079","-3","241","Sell"
"1","30","-19","2021-04-15 00:36:35.083","-2","0","Sell"
"1","31","-22","2021-04-15 00:36:35.087","-6","0","Buy"
"1","32","37","2021-04-15 00:36:35.089","-4","100","Sell"
"1","33","-34","2021-04-15 00:36:35.094","-3","0","Sell"
"1","34","39","2021-04-15 00:36:35.096","0","165","Sell"
"1","35","40","2021-04-15 00:36:35.098","-3","40","Sell"
"1","36","-24","2021-04-15 00:36:35.101","-2","0","Sell"
"1","37","42","2021-04-15 00:36:35.104","0","72","Buy"
"1","38","-33","2021-04-15 00:36:35.107","-1","0","Sell"
"1","39","44","2021-04-15 00:36:35.109","0","80","Sell"
"1","40","45","2021-04-15 00:36:35.111","2","45","Sell"
"1","41","46","2021-04-15 00:36:35.113","-6","23","Buy"
"1","42","-46","2021-04-15 00:36:35.116","-6","0","Buy"
"1","43","48","2021-04-15 00:36:35.118","3","182","Sell"
"1","44","49","2021-04-15 00:36:35.120","3","55","Sell"
"1","45","50","2021-04-15 00:36:35.122","1","36","Sell"
"1","46","51","2021-04-15 00:36:35.124","2","39","Sell"
"1","47","52","2021-04-15 00:36:35.126","0","63","Sell"
"1","48","53","2021-04-15 00:36:35.129","-4","82","Buy"
"1","49","55","2021-04-15 00:36:35.132","-3","38","Buy"
"1","50","56","2021-04-15 00:36:35.134","0","230","Sell"
"1","51","-25","2021-04-15 00:36:35.138","-5","0","Buy"
"1","52","60","2021-04-15 00:36:35.141","-4","416","Buy"
"1","53","-60","2021-04-15 00:36:35.145","-4","0","Buy"
"1","54","63","2021-04-15 00:36:35.147","-4","135","Sell"
"1","55","64","2021-04-15 00:36:35.148","-5","41","Sell"
"1","56","65","2021-04-15 00:36:35.150","-3","35","Sell"
"1","57","66","2021-04-15 00:36:35.153","-5","73","Sell"
"1","58","67","2021-04-15 00:36:35.156","-6","20","Sell"
"1","59","68","2021-04-15 00:36:35.158","-15","46","Buy"
"1","60","69","2021-04-15 00:36:35.160","-16","36","Buy"
"1","61","70","2021-04-15 00:36:35.163","-16","39","Buy"
"1","62","71","2021-04-15 00:36:35.164","-5","303","Sell"
"1","63","72","2021-04-15 00:36:35.166","-5","22","Sell"
"1","64","73","2021-04-15 00:36:35.169","-5","73","Sell"
"1","65","-70","2021-04-15 00:36:35.173","-16","0","Buy"
"1","66","75","2021-04-15 00:36:35.175","-7","48","Sell"
"1","67","-67","2021-04-15 00:36:35.179","-6","0","Sell"
"1","68","77","2021-04-15 00:36:35.181","-14","21","Buy"
"1","69","78","2021-04-15 00:36:35.183","-13","32","Buy"
"1","70","79","2021-04-15 00:36:35.185","-6","22","Sell"
"1","71","80","2021-04-15 00:36:35.187","-6","22","Sell"
"1","72","-52","2021-04-15 00:36:35.191","0","0","Sell"
"1","73","-78","2021-04-15 00:36:35.196","-13","0","Buy"
"1","74","83","2021-04-15 00:36:35.199","-13","31","Buy"
"1","75","84","2021-04-15 00:36:35.201","-6","32","Sell"
"1","76","85","2021-04-15 00:36:35.203","-14","285","Buy"
"1","77","-85","2021-04-15 00:36:35.207","-14","0","Buy"
"1","78","-83","2021-04-15 00:36:35.211","-13","0","Buy"
"1","79","-75","2021-04-15 00:36:35.215","-7","0","Sell"
"1","80","89","2021-04-15 00:36:35.217","-7","30","Sell"
"1","81","90","2021-04-15 00:36:35.218","-15","43","Buy"
"1","82","91","2021-04-15 00:36:35.220","-6","357","Sell"
"1","83","92","2021-04-15 00:36:35.222","-6","25","Sell"
"1","84","-84","2021-04-15 00:36:35.225","-6","0","Sell"
"1","85","-71","2021-04-15 00:36:35.231","-5","0","Sell"
"1","86","95","2021-04-15 00:36:35.233","-13","23","Buy"
"1","87","96","2021-04-15 00:36:35.235","0","118","Sell"
"1","88","-69","2021-04-15 00:36:35.239","-16","0","Buy"
"1","89","98","2021-04-15 00:36:35.241","-14","32","Buy"
"1","90","99","2021-04-15 00:36:35.243","-6","202","Sell"
"1","91","-72","2021-04-15 00:36:35.246","-5","0","Sell"
"1","92","-51","2021-04-15 00:36:35.250","2","0","Sell"
"1","93","-91","2021-04-15 00:36:35.254","-6","0","Sell"
"1","94","103","2021-04-15 00:36:35.256","-6","39","Sell"
"1","95","-49","2021-04-15 00:36:35.259","3","0","Sell"
"1","96","105","2021-04-15 00:36:35.261","-13","42","Buy"
"1","97","106","2021-04-15 00:36:35.264","0","76","Sell"
"1","98","107","2021-04-15 00:36:35.266","-14","156","Buy"
"1","99","-90","2021-04-15 00:36:35.269","-15","0","Buy"
"1","100","109","2021-04-15 00:36:35.271","0","106","Buy"
"1","101","110","2021-04-15 00:36:35.273","-13","21","Buy"
"1","102","111","2021-04-15 00:36:35.275","-5","47","Sell"
"1","103","112","2021-04-15 00:36:35.276","-12","21","Buy"
"1","104","-103","2021-04-15 00:36:35.280","-6","0","Sell"
"1","105","114","2021-04-15 00:36:35.281","-11","22","Buy"
"1","106","115","2021-04-15 00:36:35.283","-12","42","Buy"
"1","107","116","2021-04-15 00:36:35.284","-7","168","Sell"
"1","108","-63","2021-04-15 00:36:35.289","-4","0","Sell"
"1","109","118","2021-04-15 00:36:35.290","-8","31","Sell"
"1","110","119","2021-04-15 00:36:35.293","-9","230","Sell"
"1","111","-107","2021-04-15 00:36:35.297","-14","0","Buy"
"1","112","121","2021-04-15 00:36:35.299","-10","228","Buy"
"1","113","122","2021-04-15 00:36:35.301","0","62","Buy"
"1","114","-45","2021-04-15 00:36:35.305","2","0","Sell"
"1","115","124","2021-04-15 00:36:35.307","-11","22","Buy"
"1","116","-121","2021-04-15 00:36:35.310","-10","0","Buy"
"1","117","126","2021-04-15 00:36:35.311","-10","29","Buy"
"1","118","127","2021-04-15 00:36:35.313","-8","71","Sell"
"1","119","128","2021-04-15 00:36:35.314","-10","53","Sell"
"1","120","129","2021-04-15 00:36:35.316","-10","153","Buy"
"1","121","-119","2021-04-15 00:36:35.319","-9","0","Sell"
"1","122","131","2021-04-15 00:36:35.321","-7","24","Sell"
"1","123","132","2021-04-15 00:36:35.322","-7","21","Sell"
"1","124","-129","2021-04-15 00:36:35.326","-10","0","Buy"
"1","125","134","2021-04-15 00:36:35.328","-12","749","Buy"
"1","126","135","2021-04-15 00:36:35.330","-9","34","Sell"
"1","127","-124","2021-04-15 00:36:35.334","-11","0","Buy"
"1","128","137","2021-04-15 00:36:35.336","-10","61","Sell"
"1","129","138","2021-04-15 00:36:35.339","-11","43","Sell"
"1","130","-110","2021-04-15 00:36:35.343","-13","0","Buy"
"1","131","140","2021-04-15 00:36:35.345","0","385","Sell"
"1","132","141","2021-04-15 00:36:35.347","-11","44","Buy"
"1","133","142","2021-04-15 00:36:35.349","-11","21","Sell"
"1","134","-116","2021-04-15 00:36:35.353","-7","0","Sell"
"1","135","-137","2021-04-15 00:36:35.356","-10","0","Sell"
"1","136","145","2021-04-15 00:36:35.357","-12","43","Buy"
"1","137","146","2021-04-15 00:36:35.359","-12","21","Buy"
"1","138","-48","2021-04-15 00:36:35.363","3","0","Sell"
"1","139","-145","2021-04-15 00:36:35.367","-12","0","Buy"
"1","140","149","2021-04-15 00:36:35.369","0","53","Sell"
"1","141","151","2021-04-15 00:36:35.373","-8","56","Sell"
"1","142","-134","2021-04-15 00:36:35.376","-12","0","Buy"
"1","143","153","2021-04-15 00:36:35.377","0","168","Buy"
"1","144","154","2021-04-15 00:36:35.379","-7","125","Sell"
"1","145","155","2021-04-15 00:36:35.381","-11","37","Buy"
"1","146","156","2021-04-15 00:36:35.382","-12","80","Buy"
"1","147","157","2021-04-15 00:36:35.384","-9","65","Sell"
"1","148","158","2021-04-15 00:36:35.386","-10","26","Sell"
"1","149","159","2021-04-15 00:36:35.387","0","69","Sell"
"1","150","-156","2021-04-15 00:36:35.391","-12","0","Buy"
"1","151","161","2021-04-15 00:36:35.392","-15","31","Buy"
"1","152","162","2021-04-15 00:36:35.395","0","57","Sell"
"1","153","163","2021-04-15 00:36:35.397","-17","275","Buy"
"1","154","164","2021-04-15 00:36:35.399","-9","22","Sell"
"1","155","165","2021-04-15 00:36:35.400","-18","53","Buy"
"1","156","166","2021-04-15 00:36:35.402","-16","1105","Buy"
"1","157","167","2021-04-15 00:36:35.404","0","148","Buy"
"1","158","168","2021-04-15 00:36:35.406","-8","93","Sell"
"1","159","169","2021-04-15 00:36:35.408","-7","72","Sell"
"1","160","170","2021-04-15 00:36:35.410","-7","39","Sell"
"1","161","171","2021-04-15 00:36:35.412","-9","23","Sell"
"1","162","172","2021-04-15 00:36:35.414","0","359","Sell"
"1","163","-66","2021-04-15 00:36:35.417","-5","0","Sell"
"1","164","174","2021-04-15 00:36:35.419","-17","34","Buy"
"1","165","175","2021-04-15 00:36:35.420","-15","23","Buy"
"1","166","-170","2021-04-15 00:36:35.424","-7","0","Sell"
"1","167","177","2021-04-15 00:36:35.426","-14","84","Buy"
"1","168","178","2021-04-15 00:36:35.428","-15","27","Buy"
"1","169","179","2021-04-15 00:36:35.430","-8","929","Sell"
"1","170","-111","2021-04-15 00:36:35.434","-5","0","Sell"
"1","171","-175","2021-04-15 00:36:35.437","-15","0","Buy"
"1","172","182","2021-04-15 00:36:35.439","-13","20","Buy"
"1","173","-171","2021-04-15 00:36:35.442","-9","0","Sell"
"1","174","-166","2021-04-15 00:36:35.446","-16","0","Buy"
"1","175","-182","2021-04-15 00:36:35.449","-13","0","Buy"
"1","176","186","2021-04-15 00:36:35.450","-15","82","Buy"
"1","177","187","2021-04-15 00:36:35.452","-9","30","Sell"
"1","178","188","2021-04-15 00:36:35.454","-13","85","Buy"
"1","179","-179","2021-04-15 00:36:35.457","-8","0","Sell"
"1","180","190","2021-04-15 00:36:35.459","-10","46","Sell"
"1","181","-190","2021-04-15 00:36:35.463","-10","0","Sell"
"1","182","192","2021-04-15 00:36:35.464","-12","20","Buy"
"1","183","193","2021-04-15 00:36:35.466","-10","150","Sell"
"1","184","-193","2021-04-15 00:36:35.470","-10","0","Sell"
"1","185","195","2021-04-15 00:36:35.472","-11","123","Buy"
"1","186","-195","2021-04-15 00:36:35.475","-11","0","Buy"
"1","187","197","2021-04-15 00:36:35.476","0","59","Buy"
"1","188","198","2021-04-15 00:36:35.478","-11","44","Buy"
"1","189","199","2021-04-15 00:36:35.480","-9","54","Sell"
"1","190","200","2021-04-15 00:36:35.481","0","387","Buy"
"1","191","201","2021-04-15 00:36:35.483","-12","82","Buy"
"1","192","202","2021-04-15 00:36:35.485","0","213","Buy"
"1","193","-188","2021-04-15 00:36:35.488","-13","0","Buy"
"1","194","-65","2021-04-15 00:36:35.491","-3","0","Sell"
"1","195","205","2021-04-15 00:36:35.493","0","100","Sell"
"1","196","206","2021-04-15 00:36:35.495","-6","54","Sell"
"1","197","207","2021-04-15 00:36:35.496","0","56","Sell"
"1","198","208","2021-04-15 00:36:35.498","-15","57","Buy"
"1","199","209","2021-04-15 00:36:35.500","-15","22","Buy"
"1","200","-206","2021-04-15 00:36:35.503","-6","0","Sell"
"1","201","211","2021-04-15 00:36:35.505","-15","26","Buy"
"1","202","-177","2021-04-15 00:36:35.508","-14","0","Buy"
"1","203","-73","2021-04-15 00:36:35.511","-5","0","Sell"
"1","204","215","2021-04-15 00:36:35.515","0","65","Sell"
"1","205","-165","2021-04-15 00:36:35.517","-18","0","Buy"
"1","206","217","2021-04-15 00:36:35.519","-16","57","Buy"
"1","207","218","2021-04-15 00:36:35.521","-14","30","Buy"
"1","208","219","2021-04-15 00:36:35.522","-15","23","Buy"
"1","209","220","2021-04-15 00:36:35.524","-15","27","Buy"
"1","210","221","2021-04-15 00:36:35.525","0","175","Buy"
"1","211","222","2021-04-15 00:36:35.526","-4","398","Sell"
"1","212","223","2021-04-15 00:36:35.528","-13","23","Buy"
"1","213","224","2021-04-15 00:36:35.530","-3","220","Sell"
"1","214","-224","2021-04-15 00:36:35.533","-3","0","Sell"
"1","215","227","2021-04-15 00:36:35.537","-12","165","Buy"
"1","216","228","2021-04-15 00:36:35.539","-5","53","Sell"
"1","217","-227","2021-04-15 00:36:35.541","-12","0","Buy"
"1","218","-222","2021-04-15 00:36:35.544","-4","0","Sell"
"1","219","-209","2021-04-15 00:36:35.547","-15","0","Buy"
"1","220","-220","2021-04-15 00:36:35.549","-15","0","Buy"
"1","221","-217","2021-04-15 00:36:35.552","-16","0","Buy"
"1","222","235","2021-04-15 00:36:35.555","-4","33","Sell"
"1","223","-228","2021-04-15 00:36:35.558","-5","0","Sell"
"1","224","237","2021-04-15 00:36:35.560","-5","1954","Sell"
"1","225","-174","2021-04-15 00:36:35.563","-17","0","Buy"
"1","226","-208","2021-04-15 00:36:35.566","-15","0","Buy"
"1","227","-237","2021-04-15 00:36:35.569","-5","0","Sell"
"1","228","-219","2021-04-15 00:36:35.572","-15","0","Buy"
"1","229","-218","2021-04-15 00:36:35.581","-14","0","Buy"
"1","230","247","2021-04-15 00:36:35.582","-12","96","Buy"
"1","231","248","2021-04-15 00:36:35.584","-5","32","Sell"
"1","232","249","2021-04-15 00:36:35.585","-11","85","Buy"
"1","233","250","2021-04-15 00:36:35.587","-4","22","Sell"
"1","234","251","2021-04-15 00:36:35.588","-10","51","Buy"
"1","235","252","2021-04-15 00:36:35.590","-9","34","Buy"
"1","236","253","2021-04-15 00:36:35.591","-8","43","Buy"
"1","237","254","2021-04-15 00:36:35.593","-7","27","Buy"
"1","238","255","2021-04-15 00:36:35.594","-6","30","Sell"
"1","239","256","2021-04-15 00:36:35.596","0","1787","Buy"
"1","240","257","2021-04-15 00:36:35.598","-8","68","Buy"
"1","241","258","2021-04-15 00:36:35.599","1","28","Sell"
"1","242","259","2021-04-15 00:36:35.601","0","70","Sell"
"1","243","260","2021-04-15 00:36:35.603","0","47","Sell"
"1","244","261","2021-04-15 00:36:35.604","-9","22","Buy"
"1","245","262","2021-04-15 00:36:35.606","-4","33","Sell"
"1","246","263","2021-04-15 00:36:35.607","-5","118","Sell"
"1","247","264","2021-04-15 00:36:35.609","-6","135","Sell"
"1","248","265","2021-04-15 00:36:35.610","-7","57","Buy"
"1","249","-265","2021-04-15 00:36:35.613","-7","0","Buy"
"1","250","-263","2021-04-15 00:36:35.616","-5","0","Sell"
"1","251","268","2021-04-15 00:36:35.618","-5","177","Sell"
"1","252","269","2021-04-15 00:36:35.619","0","199","Sell"
"1","253","270","2021-04-15 00:36:35.621","-10","31","Buy"
"1","254","271","2021-04-15 00:36:35.623","-7","58","Sell"
"1","255","272","2021-04-15 00:36:35.625","-9","27","Buy"
"1","256","273","2021-04-15 00:36:35.626","-8","75","Sell"
"1","257","-273","2021-04-15 00:36:35.631","-8","0","Sell"
"1","258","-272","2021-04-15 00:36:35.635","-9","0","Buy"
"1","259","276","2021-04-15 00:36:35.636","-11","43","Buy"
"1","260","277","2021-04-15 00:36:35.637","0","51","Buy"
"1","261","278","2021-04-15 00:36:35.639","0","127","Sell"
"1","262","-247","2021-04-15 00:36:35.642","-12","0","Buy"
"1","263","280","2021-04-15 00:36:35.643","-8","173","Sell"
"1","264","-186","2021-04-15 00:36:35.646","-15","0","Buy"
"1","265","282","2021-04-15 00:36:35.647","0","71","Buy"
"1","266","283","2021-04-15 00:36:35.649","-7","44","Sell"
"1","267","-262","2021-04-15 00:36:35.652","-4","0","Sell"
"1","268","285","2021-04-15 00:36:35.653","-10","83","Buy"
"1","269","286","2021-04-15 00:36:35.655","-9","52","Sell"
"1","270","287","2021-04-15 00:36:35.657","-10","484","Sell"
"1","271","288","2021-04-15 00:36:35.658","-10","60","Buy"
"1","272","289","2021-04-15 00:36:35.660","-12","152","Buy"
"1","273","-260","2021-04-15 00:36:35.664","0","0","Sell"
"1","274","-287","2021-04-15 00:36:35.667","-10","0","Sell"
"1","275","292","2021-04-15 00:36:35.668","-10","57","Buy"
"1","276","-268","2021-04-15 00:36:35.672","-5","0","Sell"
"1","277","294","2021-04-15 00:36:35.673","-8","586","Sell"
"1","278","-223","2021-04-15 00:36:35.676","-13","0","Buy"
"1","279","296","2021-04-15 00:36:35.678","-10","25","Sell"
"1","280","297","2021-04-15 00:36:35.679","-9","28","Buy"
"1","281","298","2021-04-15 00:36:35.681","0","152","Buy"
"1","282","-294","2021-04-15 00:36:35.683","-8","0","Sell"
"1","283","300","2021-04-15 00:36:35.685","-8","85","Sell"
"1","284","301","2021-04-15 00:36:35.687","-7","84","Sell"
"1","285","302","2021-04-15 00:36:35.688","-9","28","Buy"
"1","286","303","2021-04-15 00:36:35.690","0","60","Sell"
"1","287","304","2021-04-15 00:36:35.692","-10","49","Buy"
"1","288","-289","2021-04-15 00:36:35.696","-12","0","Buy"
"1","289","306","2021-04-15 00:36:35.697","-7","31","Sell"
"1","290","-300","2021-04-15 00:36:35.701","-8","0","Sell"
"1","291","-163","2021-04-15 00:36:35.704","-17","0","Buy"
"1","292","309","2021-04-15 00:36:35.705","-6","38","Sell"
"1","293","310","2021-04-15 00:36:35.707","-9","23","Buy"
"1","294","311","2021-04-15 00:36:35.708","-6","48","Sell"
"1","295","312","2021-04-15 00:36:35.710","-6","102","Sell"
"1","296","313","2021-04-15 00:36:35.711","0","53","Buy"
"1","297","314","2021-04-15 00:36:35.712","-8","25","Sell"
"1","298","-211","2021-04-15 00:36:35.715","-15","0","Buy"
"1","299","316","2021-04-15 00:36:35.716","-7","42","Sell"
"1","300","-314","2021-04-15 00:36:35.719","-8","0","Sell"
"1","301","318","2021-04-15 00:36:35.721","-6","53","Sell"
"1","302","-309","2021-04-15 00:36:35.723","-6","0","Sell"
"1","303","-310","2021-04-15 00:36:35.726","-9","0","Buy"
"1","304","321","2021-04-15 00:36:35.728","-6","29","Sell"
"1","305","322","2021-04-15 00:36:35.729","-9","22","Buy"
"1","306","-276","2021-04-15 00:36:35.732","-11","0","Buy"
"1","307","-306","2021-04-15 00:36:35.735","-7","0","Sell"
"1","308","-264","2021-04-15 00:36:35.738","-6","0","Sell"
"1","309","326","2021-04-15 00:36:35.739","-10","20","Buy"
"1","310","-322","2021-04-15 00:36:35.742","-9","0","Buy"
"1","311","328","2021-04-15 00:36:35.743","-6","232","Sell"
"1","312","329","2021-04-15 00:36:35.745","-11","45","Buy"
"1","313","330","2021-04-15 00:36:35.746","0","174","Buy"
"1","314","-318","2021-04-15 00:36:35.748","-6","0","Sell"
"1","315","332","2021-04-15 00:36:35.750","-9","46","Buy"
"1","316","333","2021-04-15 00:36:35.751","-7","27","Sell"
"1","317","-332","2021-04-15 00:36:35.753","-9","0","Buy"
"1","318","-326","2021-04-15 00:36:35.756","-10","0","Buy"
"1","319","336","2021-04-15 00:36:35.757","-9","34","Buy"
"1","320","337","2021-04-15 00:36:35.759","0","68","Sell"
"1","321","338","2021-04-15 00:36:35.760","-6","67","Sell"
"1","322","339","2021-04-15 00:36:35.761","-6","1390","Sell"
"1","323","-329","2021-04-15 00:36:35.764","-11","0","Buy"
"1","324","341","2021-04-15 00:36:35.766","-9","84","Buy"
"1","325","342","2021-04-15 00:36:35.767","0","114","Sell"
"1","326","343","2021-04-15 00:36:35.769","-12","95","Buy"
"1","327","344","2021-04-15 00:36:35.770","-6","25","Sell"
"1","328","-343","2021-04-15 00:36:35.772","-12","0","Buy"
"1","329","346","2021-04-15 00:36:35.774","-16","38","Buy"
"1","330","348","2021-04-15 00:36:35.776","-17","21","Buy"
"1","331","349","2021-04-15 00:36:35.778","0","81","Buy"
"1","332","-348","2021-04-15 00:36:35.780","-17","0","Buy"
"1","333","351","2021-04-15 00:36:35.781","-15","53","Buy"
"1","334","-344","2021-04-15 00:36:35.784","-6","0","Sell"
"1","335","353","2021-04-15 00:36:35.785","-7","1061","Sell"
"1","336","354","2021-04-15 00:36:35.786","-16","60","Buy"
"1","337","355","2021-04-15 00:36:35.787","-14","26","Buy"
"1","338","356","2021-04-15 00:36:35.789","-13","111","Buy"
"1","339","-354","2021-04-15 00:36:35.791","-16","0","Buy"
"1","340","358","2021-04-15 00:36:35.793","0","94","Buy"
"1","341","359","2021-04-15 00:36:35.794","-12","40","Buy"
"1","342","360","2021-04-15 00:36:35.796","-8","37","Sell"
"1","343","361","2021-04-15 00:36:35.797","-13","21","Buy"
"1","344","-355","2021-04-15 00:36:35.800","-14","0","Buy"
"1","345","363","2021-04-15 00:36:35.802","-11","22","Buy"
"1","346","364","2021-04-15 00:36:35.803","-9","1995","Sell"
"1","347","365","2021-04-15 00:36:35.805","-10","26","Buy"
"1","348","-339","2021-04-15 00:36:35.808","-6","0","Sell"
"1","349","367","2021-04-15 00:36:35.809","0","81","Buy"
"1","350","368","2021-04-15 00:36:35.810","-10","33","Sell"
"1","351","-368","2021-04-15 00:36:35.813","-10","0","Sell"
"1","352","370","2021-04-15 00:36:35.814","0","158","Buy"
"1","353","371","2021-04-15 00:36:35.816","-10","48","Buy"
"1","354","372","2021-04-15 00:36:35.817","-8","34","Sell"
"1","355","373","2021-04-15 00:36:35.818","-8","13479","Sell"
"1","356","374","2021-04-15 00:36:35.820","-8","25","Sell"
"1","357","-364","2021-04-15 00:36:35.823","-9","0","Sell"
"1","358","-346","2021-04-15 00:36:35.826","-16","0","Buy"
"1","359","377","2021-04-15 00:36:35.828","0","1530","Sell"
"1","360","378","2021-04-15 00:36:35.829","-13","26","Buy"
"1","361","379","2021-04-15 00:36:35.831","0","54","Buy"
"1","362","-312","2021-04-15 00:36:35.833","-6","0","Sell"
"1","363","381","2021-04-15 00:36:35.835","-14","29","Buy"
"1","364","382","2021-04-15 00:36:35.836","-12","22","Buy"
"1","365","383","2021-04-15 00:36:35.838","-11","33","Buy"
"1","366","384","2021-04-15 00:36:35.839","-7","31","Sell"
"1","367","-378","2021-04-15 00:36:35.842","-13","0","Buy"
"1","368","386","2021-04-15 00:36:35.844","-10","1878","Buy"
"1","369","-372","2021-04-15 00:36:35.846","-8","0","Sell"
"1","370","-328","2021-04-15 00:36:35.849","-6","0","Sell"
"1","371","-374","2021-04-15 00:36:35.851","-8","0","Sell"
"1","372","-386","2021-04-15 00:36:35.854","-10","0","Buy"
"1","373","391","2021-04-15 00:36:35.855","-10","294","Buy"
"1","374","-391","2021-04-15 00:36:35.858","-10","0","Buy"
"1","375","-373","2021-04-15 00:36:35.861","-8","0","Sell"
"1","376","394","2021-04-15 00:36:35.863","-12","31","Buy"
"1","377","-321","2021-04-15 00:36:35.866","-6","0","Sell"
"1","378","396","2021-04-15 00:36:35.867","-12","1320","Buy"
"1","379","397","2021-04-15 00:36:35.869","-6","272","Sell"
"1","380","-353","2021-04-15 00:36:35.872","-7","0","Sell"
"1","381","399","2021-04-15 00:36:35.873","-10","22","Buy"
"1","382","-258","2021-04-15 00:36:35.876","1","0","Sell"
"1","383","401","2021-04-15 00:36:35.877","-6","22","Sell"
"1","384","402","2021-04-15 00:36:35.878","-8","45","Sell"
"1","385","403","2021-04-15 00:36:35.880","-11","135","Buy"
"1","386","-338","2021-04-15 00:36:35.883","-6","0","Sell"
"1","387","405","2021-04-15 00:36:35.884","-9","49","Sell"
"1","388","406","2021-04-15 00:36:35.886","-10","38","Sell"
"1","389","-396","2021-04-15 00:36:35.888","-12","0","Buy"
"1","390","408","2021-04-15 00:36:35.890","-9","20","Sell"
"1","391","-394","2021-04-15 00:36:35.892","-12","0","Buy"
"1","392","410","2021-04-15 00:36:35.894","-12","31","Buy"
"1","393","411","2021-04-15 00:36:35.895","-11","47","Sell"
"1","394","-402","2021-04-15 00:36:35.898","-8","0","Sell"
"1","395","-403","2021-04-15 00:36:35.901","-11","0","Buy"
"1","396","414","2021-04-15 00:36:35.902","-13","24","Buy"
"1","397","-406","2021-04-15 00:36:35.905","-10","0","Sell"
"1","398","416","2021-04-15 00:36:35.906","-8","168","Sell"
"1","399","417","2021-04-15 00:36:35.908","-8","107","Sell"
"1","400","-384","2021-04-15 00:36:35.910","-7","0","Sell"
"1","401","-408","2021-04-15 00:36:35.913","-9","0","Sell"
"1","402","420","2021-04-15 00:36:35.914","-11","25","Buy"
"1","403","421","2021-04-15 00:36:35.915","-12","35","Buy"
"1","404","-420","2021-04-15 00:36:35.917","-11","0","Buy"
"1","405","-405","2021-04-15 00:36:35.920","-9","0","Sell"
"1","406","424","2021-04-15 00:36:35.921","0","77","Sell"
"1","407","-397","2021-04-15 00:36:35.924","-6","0","Sell"
"1","408","426","2021-04-15 00:36:35.925","-7","22","Sell"
"1","409","427","2021-04-15 00:36:35.927","-9","23","Sell"
"1","410","428","2021-04-15 00:36:35.928","-11","29","Buy"
"1","411","429","2021-04-15 00:36:35.930","-10","23","Buy"
"1","412","430","2021-04-15 00:36:35.931","-9","35","Buy"
"1","413","-401","2021-04-15 00:36:35.934","-6","0","Sell"
"1","414","-430","2021-04-15 00:36:35.937","-9","0","Buy"
"1","415","-429","2021-04-15 00:36:35.939","-10","0","Buy"
"1","416","434","2021-04-15 00:36:35.941","0","55","Sell"
"1","417","435","2021-04-15 00:36:35.942","0","66","Buy"
"1","418","-417","2021-04-15 00:36:35.945","-8","0","Sell"
"1","419","-426","2021-04-15 00:36:35.947","-7","0","Sell"
"1","420","439","2021-04-15 00:36:35.950","-12","41","Buy"
"1","421","440","2021-04-15 00:36:35.951","-13","32","Buy"
"1","422","441","2021-04-15 00:36:35.953","-9","179","Sell"
"1","423","442","2021-04-15 00:36:35.954","-11","44","Buy"
"1","424","443","2021-04-15 00:36:35.955","-10","1121","Sell"
"1","425","-443","2021-04-15 00:36:35.958","-10","0","Sell"
"1","426","445","2021-04-15 00:36:35.959","0","102","Sell"
"1","427","-440","2021-04-15 00:36:35.962","-13","0","Buy"
"1","428","448","2021-04-15 00:36:35.964","0","131","Sell"
"1","429","-416","2021-04-15 00:36:35.967","-8","0","Sell"
"1","430","450","2021-04-15 00:36:35.968","-8","61","Sell"
"1","431","451","2021-04-15 00:36:35.970","-8","47","Sell"
"1","432","452","2021-04-15 00:36:35.971","-14","21","Buy"
"1","433","454","2021-04-15 00:36:35.974","-13","21","Buy"
"1","434","-441","2021-04-15 00:36:35.976","-9","0","Sell"
"1","435","456","2021-04-15 00:36:35.978","-7","121","Sell"
"1","436","457","2021-04-15 00:36:35.979","-9","75","Sell"
"1","437","-451","2021-04-15 00:36:35.981","-8","0","Sell"
"1","438","459","2021-04-15 00:36:35.983","-14","38","Buy"
"1","439","460","2021-04-15 00:36:35.984","-12","26","Buy"
"1","440","461","2021-04-15 00:36:35.985","0","82","Sell"
"1","441","462","2021-04-15 00:36:35.986","-10","52","Sell"
"1","442","-462","2021-04-15 00:36:35.989","-10","0","Sell"
"1","443","464","2021-04-15 00:36:35.990","-13","101","Buy"
"1","444","-450","2021-04-15 00:36:35.993","-8","0","Sell"
"1","445","-459","2021-04-15 00:36:35.996","-14","0","Buy"
"1","446","467","2021-04-15 00:36:35.997","-8","45","Sell"
"1","447","468","2021-04-15 00:36:35.998","0","5240","Buy"
"1","448","471","2021-04-15 00:36:36.001","-3","66","Sell"
"1","449","-464","2021-04-15 00:36:36.003","-13","0","Buy"
"1","450","473","2021-04-15 00:36:36.005","-10","55","Buy"
"1","451","474","2021-04-15 00:36:36.006","-4","22","Sell"
"1","452","475","2021-04-15 00:36:36.007","-11","39","Buy"
"1","453","-474","2021-04-15 00:36:36.009","-4","0","Sell"
"1","454","477","2021-04-15 00:36:36.011","-2","3975","Sell"
"1","455","478","2021-04-15 00:36:36.012","-2","126","Sell"
"1","456","479","2021-04-15 00:36:36.013","-4","29","Sell"
"1","457","480","2021-04-15 00:36:36.014","-5","41","Sell"
"1","458","481","2021-04-15 00:36:36.016","0","51","Buy"
"1","459","482","2021-04-15 00:36:36.017","-9","59","Buy"
"1","460","-471","2021-04-15 00:36:36.020","-3","0","Sell"
"1","461","484","2021-04-15 00:36:36.021","-8","36","Buy"
"1","462","485","2021-04-15 00:36:36.022","0","507","Buy"
"1","463","486","2021-04-15 00:36:36.023","-1","32","Sell"
"1","464","487","2021-04-15 00:36:36.025","0","55","Buy"
"1","465","-477","2021-04-15 00:36:36.027","-2","0","Sell"
"1","466","489","2021-04-15 00:36:36.028","-9","38","Buy"
"1","467","490","2021-04-15 00:36:36.030","-3","470","Sell"
"1","468","491","2021-04-15 00:36:36.031","0","159","Sell"
"1","469","492","2021-04-15 00:36:36.033","-4","86","Sell"
"1","470","-492","2021-04-15 00:36:36.035","-4","0","Sell"
"1","471","-473","2021-04-15 00:36:36.038","-10","0","Buy"
"1","472","495","2021-04-15 00:36:36.039","-12","34","Buy"
"1","473","496","2021-04-15 00:36:36.040","0","97","Sell"
"1","474","497","2021-04-15 00:36:36.042","-9","43","Buy"
"1","475","-490","2021-04-15 00:36:36.044","-3","0","Sell"
"1","476","500","2021-04-15 00:36:36.046","-8","299","Buy"
"1","477","501","2021-04-15 00:36:36.048","-7","91","Buy"
"1","478","502","2021-04-15 00:36:36.049","-6","39","Buy"
"1","479","503","2021-04-15 00:36:36.050","-3","44","Sell"
"1","480","504","2021-04-15 00:36:36.051","0","76","Buy"
"1","481","505","2021-04-15 00:36:36.052","-7","41","Buy"
"1","482","-502","2021-04-15 00:36:36.055","-6","0","Buy"
"1","483","507","2021-04-15 00:36:36.056","0","441","Sell"
"1","484","508","2021-04-15 00:36:36.057","-10","84","Buy"
"1","485","509","2021-04-15 00:36:36.059","-3","26","Sell"
"1","486","-497","2021-04-15 00:36:36.061","-9","0","Buy"
"1","487","511","2021-04-15 00:36:36.063","-4","23","Sell"
"1","488","512","2021-04-15 00:36:36.064","-11","25","Buy"
"1","489","513","2021-04-15 00:36:36.065","-11","169","Buy"
"1","490","-511","2021-04-15 00:36:36.067","-4","0","Sell"
"1","491","515","2021-04-15 00:36:36.069","0","66","Sell"
"1","492","-508","2021-04-15 00:36:36.071","-10","0","Buy"
"1","493","517","2021-04-15 00:36:36.073","-10","206","Buy"
"1","494","-517","2021-04-15 00:36:36.075","-10","0","Buy"
"1","495","519","2021-04-15 00:36:36.076","-2","29","Sell"
"1","496","-509","2021-04-15 00:36:36.078","-3","0","Sell"
"1","497","522","2021-04-15 00:36:36.081","-12","100","Buy"
"1","498","-513","2021-04-15 00:36:36.083","-11","0","Buy"
"1","499","524","2021-04-15 00:36:36.084","0","346","Sell"
"1","500","526","2021-04-15 00:36:36.086","0","72","Buy"
"1","501","529","2021-04-15 00:36:36.087","-3","24","Sell"
"1","502","-519","2021-04-15 00:36:36.122","-2","0","Sell"
"1","503","-529","2021-04-15 00:36:36.125","-3","0","Sell"
"1","504","535","2021-04-15 00:36:36.127","-9","22","Buy"
"1","505","536","2021-04-15 00:36:36.128","0","75","Sell"
"1","506","537","2021-04-15 00:36:36.130","-1","27","Sell"
"1","507","538","2021-04-15 00:36:36.131","-1","783","Sell"
"1","508","-538","2021-04-15 00:36:36.133","-1","0","Sell"
"1","509","540","2021-04-15 00:36:36.135","-1","23","Sell"
"1","510","542","2021-04-15 00:36:36.136","-3","24","Sell"
"1","511","544","2021-04-15 00:36:36.138","-9","27","Buy"
"1","512","545","2021-04-15 00:36:36.139","-8","31","Buy"
"1","513","546","2021-04-15 00:36:36.141","-7","42","Buy"
"1","514","547","2021-04-15 00:36:36.142","-2","28","Sell"
"1","515","-537","2021-04-15 00:36:36.145","-1","0","Sell"
"1","516","-542","2021-04-15 00:36:36.147","-3","0","Sell"
"1","517","-544","2021-04-15 00:36:36.149","-9","0","Buy"
"1","518","551","2021-04-15 00:36:36.150","-8","49","Buy"
"1","519","552","2021-04-15 00:36:36.151","0","130","Buy"
"1","520","553","2021-04-15 00:36:36.153","0","372","Sell"
"1","521","554","2021-04-15 00:36:36.154","-9","56","Buy"
"1","522","555","2021-04-15 00:36:36.156","-8","47","Sell"
"1","523","556","2021-04-15 00:36:36.157","-7","24","Sell"
"1","524","557","2021-04-15 00:36:36.158","-9","51","Sell"
"1","525","558","2021-04-15 00:36:36.160","-10","48","Buy"
"1","526","559","2021-04-15 00:36:36.161","0","969","Sell"
"1","527","561","2021-04-15 00:36:36.163","-9","35","Sell"
"1","528","562","2021-04-15 00:36:36.164","0","64","Buy"
"1","529","563","2021-04-15 00:36:36.166","-10","25","Buy"
"1","530","-556","2021-04-15 00:36:36.168","-7","0","Sell"
"1","531","-555","2021-04-15 00:36:36.171","-8","0","Sell"
"1","532","566","2021-04-15 00:36:36.172","0","50","Sell"
"1","533","567","2021-04-15 00:36:36.174","-10","88","Buy"
"1","534","568","2021-04-15 00:36:36.175","0","70","Sell"
"1","535","569","2021-04-15 00:36:36.176","0","72","Sell"
"1","536","572","2021-04-15 00:36:36.179","-12","2019","Buy"
"1","537","573","2021-04-15 00:36:36.180","0","57","Sell"
"1","538","576","2021-04-15 00:36:36.182","-5","43","Sell"
"1","539","578","2021-04-15 00:36:36.184","-11","61","Buy"
"1","540","580","2021-04-15 00:36:36.187","-10","134","Buy"
"1","541","581","2021-04-15 00:36:36.188","0","57","Buy"
"1","542","-580","2021-04-15 00:36:36.191","-10","0","Buy"
"1","543","584","2021-04-15 00:36:36.192","-7","24","Sell"
"1","544","585","2021-04-15 00:36:36.194","-12","63","Buy"
"1","545","586","2021-04-15 00:36:36.195","-8","26","Sell"
"1","546","587","2021-04-15 00:36:36.197","-10","110","Buy"
"1","547","-587","2021-04-15 00:36:36.199","-10","0","Buy"
"1","548","589","2021-04-15 00:36:36.200","-7","361","Sell"
"1","549","-589","2021-04-15 00:36:36.203","-7","0","Sell"
"1","550","591","2021-04-15 00:36:36.205","-12","23","Buy"
"1","551","592","2021-04-15 00:36:36.206","-12","69","Buy"
"1","552","593","2021-04-15 00:36:36.207","-9","28","Sell"
"1","553","594","2021-04-15 00:36:36.209","-8","135","Sell"
"1","554","-592","2021-04-15 00:36:36.212","-12","0","Buy"
"1","555","596","2021-04-15 00:36:36.213","-10","49","Sell"
"1","556","597","2021-04-15 00:36:36.215","-11","136","Sell"
"1","557","-585","2021-04-15 00:36:36.217","-12","0","Buy"
"1","558","-597","2021-04-15 00:36:36.220","-11","0","Sell"
"1","559","600","2021-04-15 00:36:36.221","0","59","Sell"
"1","560","601","2021-04-15 00:36:36.223","-9","287","Sell"
"1","561","602","2021-04-15 00:36:36.224","-11","50","Buy"
"1","562","603","2021-04-15 00:36:36.225","-12","1289","Buy"
"1","563","-603","2021-04-15 00:36:36.228","-12","0","Buy"
"1","564","-602","2021-04-15 00:36:36.231","-11","0","Buy"
"1","565","-596","2021-04-15 00:36:36.234","-10","0","Sell"
"1","566","-572","2021-04-15 00:36:36.237","-12","0","Buy"
"1","567","-591","2021-04-15 00:36:36.239","-12","0","Buy"
"1","568","-594","2021-04-15 00:36:36.241","-8","0","Sell"
"1","569","610","2021-04-15 00:36:36.243","-16","54","Buy"
"1","570","611","2021-04-15 00:36:36.244","-10","21","Sell"
"1","571","612","2021-04-15 00:36:36.245","-17","25","Buy"
"1","572","613","2021-04-15 00:36:36.246","-11","21","Sell"
"1","573","614","2021-04-15 00:36:36.248","-15","366","Buy"
"1","574","615","2021-04-15 00:36:36.249","0","165","Sell"
"1","575","616","2021-04-15 00:36:36.250","-14","61","Buy"
"1","576","617","2021-04-15 00:36:36.251","-10","22","Sell"
"1","577","618","2021-04-15 00:36:36.253","-13","45","Buy"
"1","578","-613","2021-04-15 00:36:36.255","-11","0","Sell"
"1","579","620","2021-04-15 00:36:36.256","-12","70","Buy"
"1","580","621","2021-04-15 00:36:36.257","-13","42","Buy"
"1","581","-620","2021-04-15 00:36:36.261","-12","0","Buy"
"1","582","-611","2021-04-15 00:36:36.264","-10","0","Sell"
"1","583","624","2021-04-15 00:36:36.265","-11","24","Sell"
"1","584","625","2021-04-15 00:36:36.267","-14","36","Buy"
"1","585","-617","2021-04-15 00:36:36.269","-10","0","Sell"
"1","586","627","2021-04-15 00:36:36.271","-14","21","Buy"
"1","587","628","2021-04-15 00:36:36.272","-12","21","Buy"
"1","588","629","2021-04-15 00:36:36.274","0","92","Buy"
"1","589","630","2021-04-15 00:36:36.275","-13","54","Buy"
"1","590","-625","2021-04-15 00:36:36.277","-14","0","Buy"
"1","591","-601","2021-04-15 00:36:36.280","-9","0","Sell"
"1","592","633","2021-04-15 00:36:36.281","-13","129","Buy"
"1","593","-630","2021-04-15 00:36:36.284","-13","0","Buy"
"1","594","635","2021-04-15 00:36:36.285","-7","220","Sell"
"1","595","636","2021-04-15 00:36:36.286","0","82","Buy"
"1","596","637","2021-04-15 00:36:36.287","0","60","Sell"
"1","597","639","2021-04-15 00:36:36.290","-6","51","Sell"
"1","598","-612","2021-04-15 00:36:36.293","-17","0","Buy"
"1","599","641","2021-04-15 00:36:36.294","0","98","Buy"
"1","600","642","2021-04-15 00:36:36.296","-14","67","Buy"
"1","601","-639","2021-04-15 00:36:36.299","-6","0","Sell"
"1","602","644","2021-04-15 00:36:36.300","-8","78","Sell"
"1","603","-614","2021-04-15 00:36:36.303","-15","0","Buy"
"1","604","646","2021-04-15 00:36:36.304","-9","228","Sell"
"1","605","647","2021-04-15 00:36:36.305","0","77","Sell"
"1","606","-644","2021-04-15 00:36:36.308","-8","0","Sell"
"1","607","-646","2021-04-15 00:36:36.310","-9","0","Sell"
"1","608","650","2021-04-15 00:36:36.312","-14","65","Buy"
"1","609","651","2021-04-15 00:36:36.313","-8","69","Sell"
"1","610","652","2021-04-15 00:36:36.315","-12","23","Buy"
"1","611","653","2021-04-15 00:36:36.316","-11","55","Buy"
"1","612","654","2021-04-15 00:36:36.317","-9","128","Sell"
"1","613","-653","2021-04-15 00:36:36.320","-11","0","Buy"
"1","614","656","2021-04-15 00:36:36.321","-10","20","Sell"
"1","615","-633","2021-04-15 00:36:36.323","-13","0","Buy"
"1","616","-610","2021-04-15 00:36:36.326","-16","0","Buy"
"1","617","659","2021-04-15 00:36:36.328","0","51","Buy"
"1","618","-627","2021-04-15 00:36:36.331","-14","0","Buy"
"1","619","-635","2021-04-15 00:36:36.333","-7","0","Sell"
"1","620","662","2021-04-15 00:36:36.335","-8","75","Sell"
"1","621","663","2021-04-15 00:36:36.336","-11","21","Buy"
"1","622","664","2021-04-15 00:36:36.338","-8","25","Sell"
"1","623","665","2021-04-15 00:36:36.339","-12","23","Buy"
"1","624","-663","2021-04-15 00:36:36.341","-11","0","Buy"
"1","625","-642","2021-04-15 00:36:36.343","-14","0","Buy"
"1","626","668","2021-04-15 00:36:36.345","0","355","Buy"
"1","627","669","2021-04-15 00:36:36.346","-11","271","Buy"
"1","628","-669","2021-04-15 00:36:36.349","-11","0","Buy"
"1","629","673","2021-04-15 00:36:36.350","-13","62","Buy"
"1","630","674","2021-04-15 00:36:36.352","-13","30","Buy"
"1","631","676","2021-04-15 00:36:36.353","0","93","Sell"
"1","632","677","2021-04-15 00:36:36.355","-14","40","Buy"
"1","633","678","2021-04-15 00:36:36.356","-12","24","Buy"
"1","634","-678","2021-04-15 00:36:36.358","-12","0","Buy"
"1","635","680","2021-04-15 00:36:36.360","-3","255","Sell"
"1","636","-680","2021-04-15 00:36:36.363","-3","0","Sell"
"1","637","683","2021-04-15 00:36:36.364","-8","43","Sell"
"1","638","-683","2021-04-15 00:36:36.367","-8","0","Sell"
"1","639","685","2021-04-15 00:36:36.368","-14","127","Buy"
"1","640","686","2021-04-15 00:36:36.369","-4","81","Sell"
"1","641","688","2021-04-15 00:36:36.372","-12","24","Buy"
"1","642","689","2021-04-15 00:36:36.374","-5","33","Sell"
"1","643","690","2021-04-15 00:36:36.375","-6","83","Sell"
"1","644","691","2021-04-15 00:36:36.376","-11","54","Buy"
"1","645","-690","2021-04-15 00:36:36.379","-6","0","Sell"
"1","646","693","2021-04-15 00:36:36.380","0","63","Buy"
"1","647","694","2021-04-15 00:36:36.381","-3","20","Sell"
"1","648","-691","2021-04-15 00:36:36.383","-11","0","Buy"
"1","649","696","2021-04-15 00:36:36.385","-13","6584","Buy"
"1","650","697","2021-04-15 00:36:36.386","-13","76","Buy"
"1","651","698","2021-04-15 00:36:36.387","0","614","Buy"
"1","652","699","2021-04-15 00:36:36.388","-3","20","Sell"
"1","653","-697","2021-04-15 00:36:36.391","-13","0","Buy"
"1","654","701","2021-04-15 00:36:36.392","-2","51","Sell"
"1","655","-688","2021-04-15 00:36:36.395","-12","0","Buy"
"1","656","-674","2021-04-15 00:36:36.398","-13","0","Buy"
"1","657","-699","2021-04-15 00:36:36.400","-3","0","Sell"
"1","658","705","2021-04-15 00:36:36.401","0","169","Buy"
"1","659","707","2021-04-15 00:36:36.403","-9","23","Sell"
"1","660","-650","2021-04-15 00:36:36.406","-14","0","Buy"
"1","661","709","2021-04-15 00:36:36.406","-10","413","Sell"
"1","662","710","2021-04-15 00:36:36.408","0","1801","Sell"
"1","663","711","2021-04-15 00:36:36.409","-9","82","Sell"
"1","664","712","2021-04-15 00:36:36.410","-12","36","Buy"
"1","665","713","2021-04-15 00:36:36.411","0","51","Buy"
"1","666","714","2021-04-15 00:36:36.413","0","442","Buy"
"1","667","-712","2021-04-15 00:36:36.415","-12","0","Buy"
"1","668","716","2021-04-15 00:36:36.416","-8","39","Sell"
"1","669","-716","2021-04-15 00:36:36.418","-8","0","Sell"
"1","670","718","2021-04-15 00:36:36.419","-8","22","Sell"
"1","671","719","2021-04-15 00:36:36.420","-8","27","Sell"
"1","672","-616","2021-04-15 00:36:36.423","-14","0","Buy"
"1","673","-718","2021-04-15 00:36:36.425","-8","0","Sell"
"1","674","722","2021-04-15 00:36:36.426","-14","38","Buy"
"1","675","723","2021-04-15 00:36:36.428","0","219","Sell"
"1","676","-719","2021-04-15 00:36:36.430","-8","0","Sell"
"1","677","-677","2021-04-15 00:36:36.433","-14","0","Buy"
"1","678","726","2021-04-15 00:36:36.434","-8","38","Sell"
"1","679","727","2021-04-15 00:36:36.435","-12","48","Buy"
"1","680","728","2021-04-15 00:36:36.437","-13","521","Buy"
"1","681","-711","2021-04-15 00:36:36.439","-9","0","Sell"
"1","682","730","2021-04-15 00:36:36.441","0","52","Sell"
"1","683","-728","2021-04-15 00:36:36.443","-13","0","Buy"
"1","684","732","2021-04-15 00:36:36.444","0","388","Sell"
"1","685","733","2021-04-15 00:36:36.445","-7","24","Sell"
"1","686","734","2021-04-15 00:36:36.446","-14","81","Buy"
"1","687","-685","2021-04-15 00:36:36.449","-14","0","Buy"
"1","688","-726","2021-04-15 00:36:36.451","-8","0","Sell"
"1","689","737","2021-04-15 00:36:36.453","0","133","Buy"
"1","690","739","2021-04-15 00:36:36.454","-10","25","Sell"
"1","691","740","2021-04-15 00:36:36.456","-12","72","Buy"
"1","692","741","2021-04-15 00:36:36.457","-11","31","Buy"
"1","693","742","2021-04-15 00:36:36.458","-12","39","Buy"
"1","694","743","2021-04-15 00:36:36.460","-12","22","Buy"
"1","695","744","2021-04-15 00:36:36.461","-10","35","Buy"
"1","696","745","2021-04-15 00:36:36.463","-9","314","Sell"
"1","697","-745","2021-04-15 00:36:36.466","-9","0","Sell"
"1","698","747","2021-04-15 00:36:36.467","0","128","Sell"
"1","699","750","2021-04-15 00:36:36.469","-13","32","Buy"
"1","700","752","2021-04-15 00:36:36.471","-6","663","Sell"
"1","701","-734","2021-04-15 00:36:36.474","-14","0","Buy"
"1","702","754","2021-04-15 00:36:36.475","-7","138","Sell"
"1","703","-752","2021-04-15 00:36:36.478","-6","0","Sell"
"1","704","757","2021-04-15 00:36:36.480","-11","25","Buy"
"1","705","758","2021-04-15 00:36:36.482","0","1815","Buy"
"1","706","-722","2021-04-15 00:36:36.484","-14","0","Buy"
"1","707","760","2021-04-15 00:36:36.485","-12","54","Buy"
"1","708","761","2021-04-15 00:36:36.487","-8","47","Sell"
"1","709","762","2021-04-15 00:36:36.488","0","173","Sell"
"1","710","763","2021-04-15 00:36:36.489","0","133","Sell"
"1","711","764","2021-04-15 00:36:36.491","-14","73","Buy"
"1","712","765","2021-04-15 00:36:36.492","-7","160","Sell"
"1","713","766","2021-04-15 00:36:36.493","-9","98","Sell"
"1","714","-764","2021-04-15 00:36:36.496","-14","0","Buy"
"1","715","768","2021-04-15 00:36:36.497","-10","24","Sell"
"1","716","769","2021-04-15 00:36:36.499","0","4328","Sell"
"1","717","-768","2021-04-15 00:36:36.501","-10","0","Sell"
"1","718","771","2021-04-15 00:36:36.502","-8","812","Sell"
"1","719","772","2021-04-15 00:36:36.504","-10","29","Sell"
"1","720","-772","2021-04-15 00:36:36.506","-10","0","Sell"
"1","721","774","2021-04-15 00:36:36.508","-10","22","Sell"
"1","722","776","2021-04-15 00:36:36.509","-13","48","Buy"
"1","723","777","2021-04-15 00:36:36.510","-9","27","Sell"
"1","724","778","2021-04-15 00:36:36.511","0","148","Buy"
"1","725","779","2021-04-15 00:36:36.513","-7","27","Sell"
"1","726","780","2021-04-15 00:36:36.514","0","71","Sell"
"1","727","782","2021-04-15 00:36:36.515","-9","183","Sell"
"1","728","-771","2021-04-15 00:36:36.518","-8","0","Sell"
"1","729","785","2021-04-15 00:36:36.519","-10","531","Sell"
"1","730","786","2021-04-15 00:36:36.520","-19","48","Buy"
"1","731","787","2021-04-15 00:36:36.521","0","200","Sell"
"1","732","788","2021-04-15 00:36:36.522","-9","264","Sell"
"1","733","-779","2021-04-15 00:36:36.525","-7","0","Sell"
"1","734","790","2021-04-15 00:36:36.526","-9","90","Sell"
"1","735","-785","2021-04-15 00:36:36.529","-10","0","Sell"
"1","736","792","2021-04-15 00:36:36.530","0","133","Buy"
"1","737","-788","2021-04-15 00:36:36.533","-9","0","Sell"
"1","738","794","2021-04-15 00:36:36.534","-8","26","Sell"
"1","739","-782","2021-04-15 00:36:36.536","-9","0","Sell"
"1","740","798","2021-04-15 00:36:36.539","-10","60","Sell"
"1","741","-798","2021-04-15 00:36:36.541","-10","0","Sell"
"1","742","800","2021-04-15 00:36:36.542","0","70","Buy"
"1","743","-794","2021-04-15 00:36:36.545","-8","0","Sell"
"1","744","806","2021-04-15 00:36:36.547","-13","54","Buy"
"1","745","807","2021-04-15 00:36:36.548","-10","92","Sell"
"1","746","808","2021-04-15 00:36:36.549","-12","33","Buy"
"1","747","-808","2021-04-15 00:36:36.552","-12","0","Buy"
"1","748","810","2021-04-15 00:36:36.553","-14","22","Buy"
"1","749","-807","2021-04-15 00:36:36.556","-10","0","Sell"
"1","750","812","2021-04-15 00:36:36.557","-10","62","Sell"
"1","751","813","2021-04-15 00:36:36.558","-14","1365","Buy"
"1","752","814","2021-04-15 00:36:36.560","-11","28","Sell"
"1","753","815","2021-04-15 00:36:36.561","-14","20","Buy"
"1","754","-814","2021-04-15 00:36:36.564","-11","0","Sell"
"1","755","817","2021-04-15 00:36:36.565","-11","35","Sell"
"1","756","-812","2021-04-15 00:36:36.568","-10","0","Sell"
"1","757","-806","2021-04-15 00:36:36.571","-13","0","Buy"
"1","758","820","2021-04-15 00:36:36.572","0","122","Buy"
"1","759","-815","2021-04-15 00:36:36.575","-14","0","Buy"
"1","760","824","2021-04-15 00:36:36.578","-13","91","Buy"
"1","761","826","2021-04-15 00:36:36.581","0","124","Sell"
"1","762","827","2021-04-15 00:36:36.582","-6","53","Sell"
"1","763","828","2021-04-15 00:36:36.584","-6","27","Sell"
"1","764","829","2021-04-15 00:36:36.585","-6","31","Sell"
"1","765","-813","2021-04-15 00:36:36.587","-14","0","Buy"
"1","766","831","2021-04-15 00:36:36.588","-6","82","Sell"
"1","767","833","2021-04-15 00:36:36.590","-8","29","Sell"
"1","768","834","2021-04-15 00:36:36.591","0","788","Buy"
"1","769","837","2021-04-15 00:36:36.593","-11","33","Buy"
"1","770","838","2021-04-15 00:36:36.595","-2","34","Sell"
"1","771","839","2021-04-15 00:36:36.596","-3","175","Sell"
"1","772","-837","2021-04-15 00:36:36.599","-11","0","Buy"
"1","773","842","2021-04-15 00:36:36.600","-10","25","Buy"
"1","774","843","2021-04-15 00:36:36.602","-4","89","Sell"
"1","775","-839","2021-04-15 00:36:36.604","-3","0","Sell"
"1","776","845","2021-04-15 00:36:36.605","-11","61","Buy"
"1","777","-842","2021-04-15 00:36:36.608","-10","0","Buy"
"1","778","847","2021-04-15 00:36:36.609","-3","25","Sell"
"1","779","-845","2021-04-15 00:36:36.612","-11","0","Buy"
"1","780","-847","2021-04-15 00:36:36.615","-3","0","Sell"
"1","781","-838","2021-04-15 00:36:36.617","-2","0","Sell"
"1","782","854","2021-04-15 00:36:36.618","-5","48","Buy"
"1","783","855","2021-04-15 00:36:36.620","-4","38","Buy"
"1","784","856","2021-04-15 00:36:36.621","-6","33","Buy"
"1","785","858","2021-04-15 00:36:36.623","-5","43","Sell"
"1","786","859","2021-04-15 00:36:36.624","-5","27","Sell"
"1","787","860","2021-04-15 00:36:36.626","-6","247","Sell"
"1","788","861","2021-04-15 00:36:36.627","-13","49","Buy"
"1","789","862","2021-04-15 00:36:36.628","-14","22","Buy"
"1","790","863","2021-04-15 00:36:36.630","-5","23","Sell"
"1","791","-860","2021-04-15 00:36:36.632","-6","0","Sell"
"1","792","865","2021-04-15 00:36:36.633","0","56","Sell"
"1","793","866","2021-04-15 00:36:36.635","0","62","Sell"
"1","794","868","2021-04-15 00:36:36.636","-10","89","Buy"
"1","795","-859","2021-04-15 00:36:36.639","-5","0","Sell"
"1","796","870","2021-04-15 00:36:36.640","0","54","Sell"
"1","797","871","2021-04-15 00:36:36.641","-6","48","Sell"
"1","798","-868","2021-04-15 00:36:36.643","-10","0","Buy"
"1","799","-843","2021-04-15 00:36:36.645","-4","0","Sell"
"1","800","874","2021-04-15 00:36:36.646","-5","51","Sell"
"1","801","877","2021-04-15 00:36:36.648","-7","63","Sell"
"1","802","878","2021-04-15 00:36:36.649","-8","40","Sell"
"1","803","879","2021-04-15 00:36:36.650","-9","67","Sell"
"1","804","880","2021-04-15 00:36:36.651","0","933","Buy"
"1","805","882","2021-04-15 00:36:36.653","-4","567","Sell"
"1","806","883","2021-04-15 00:36:36.654","-13","32","Buy"
"1","807","884","2021-04-15 00:36:36.655","0","66","Sell"
"1","808","-882","2021-04-15 00:36:36.659","-4","0","Sell"
"1","809","887","2021-04-15 00:36:36.660","-10","618","Sell"
"1","810","889","2021-04-15 00:36:36.662","-11","40","Sell"
"1","811","-887","2021-04-15 00:36:36.665","-10","0","Sell"
"1","812","892","2021-04-15 00:36:36.666","-12","53","Buy"
"1","813","893","2021-04-15 00:36:36.667","-10","43","Sell"
"1","814","894","2021-04-15 00:36:36.668","-10","66","Sell"
"1","815","896","2021-04-15 00:36:36.670","-12","73","Sell"
"1","816","-896","2021-04-15 00:36:36.673","-12","0","Sell"
"1","817","898","2021-04-15 00:36:36.674","-15","29","Buy"
"1","818","-889","2021-04-15 00:36:36.676","-11","0","Sell"
"1","819","900","2021-04-15 00:36:36.677","-9","25","Sell"
"1","820","901","2021-04-15 00:36:36.679","-9","48","Sell"
"1","821","902","2021-04-15 00:36:36.680","-9","23","Sell"
"1","822","903","2021-04-15 00:36:36.681","0","194","Buy"
"1","823","905","2021-04-15 00:36:36.683","-8","136","Sell"
"1","824","-902","2021-04-15 00:36:36.686","-9","0","Sell"
"1","825","-905","2021-04-15 00:36:36.688","-8","0","Sell"
"1","826","908","2021-04-15 00:36:36.689","-14","25","Buy"
"1","827","909","2021-04-15 00:36:36.690","-15","1491","Buy"
"1","828","910","2021-04-15 00:36:36.691","-11","39","Sell"
"1","829","-908","2021-04-15 00:36:36.694","-14","0","Buy"
"1","830","912","2021-04-15 00:36:36.696","-12","74","Sell"
"1","831","913","2021-04-15 00:36:36.697","-16","39","Buy"
"1","832","-898","2021-04-15 00:36:36.700","-15","0","Buy"
"1","833","-909","2021-04-15 00:36:36.702","-15","0","Buy"
"1","834","916","2021-04-15 00:36:36.704","-11","22","Sell"
"1","835","917","2021-04-15 00:36:36.705","-11","30","Sell"
"1","836","918","2021-04-15 00:36:36.706","-13","92","Sell"
"1","837","919","2021-04-15 00:36:36.708","-17","25","Buy"
"1","838","920","2021-04-15 00:36:36.709","0","76","Buy"
"1","839","921","2021-04-15 00:36:36.710","-15","64","Buy"
"1","840","-912","2021-04-15 00:36:36.712","-12","0","Sell"
"1","841","923","2021-04-15 00:36:36.713","-16","6550","Buy"
"1","842","-916","2021-04-15 00:36:36.716","-11","0","Sell"
"1","843","-913","2021-04-15 00:36:36.718","-16","0","Buy"
"1","844","-917","2021-04-15 00:36:36.720","-11","0","Sell"
"1","845","927","2021-04-15 00:36:36.722","-12","60","Sell"
"1","846","-923","2021-04-15 00:36:36.724","-16","0","Buy"
"1","847","929","2021-04-15 00:36:36.725","-16","33","Buy"
"1","848","930","2021-04-15 00:36:36.726","0","160","Buy"
"1","849","-921","2021-04-15 00:36:36.729","-15","0","Buy"
"1","850","932","2021-04-15 00:36:36.730","-17","27","Buy"
"1","851","933","2021-04-15 00:36:36.731","-17","25","Buy"
"1","852","937","2021-04-15 00:36:36.733","-15","25","Sell"
"1","853","938","2021-04-15 00:36:36.735","-16","22","Sell"
"1","854","-937","2021-04-15 00:36:36.737","-15","0","Sell"
"1","855","941","2021-04-15 00:36:36.739","-11","20","Sell"
"1","856","943","2021-04-15 00:36:36.742","0","128","Sell"
"1","857","945","2021-04-15 00:36:36.743","-12","72","Buy"
"1","858","-945","2021-04-15 00:36:36.747","-12","0","Buy"
"1","859","950","2021-04-15 00:36:36.750","0","85","Buy"
"1","860","952","2021-04-15 00:36:36.752","-21","138","Buy"
"1","861","-952","2021-04-15 00:36:36.754","-21","0","Buy"
"1","862","954","2021-04-15 00:36:36.755","-11","25","Sell"
"1","863","957","2021-04-15 00:36:36.758","-20","56","Buy"
"1","864","-957","2021-04-15 00:36:36.760","-20","0","Buy"
"1","865","959","2021-04-15 00:36:36.762","0","54","Buy"
"1","866","960","2021-04-15 00:36:36.763","-18","36","Sell"
"1","867","963","2021-04-15 00:36:36.766","-19","40","Sell"
"1","868","964","2021-04-15 00:36:36.767","-21","23","Buy"
"1","869","-964","2021-04-15 00:36:36.770","-21","0","Buy"
"1","870","966","2021-04-15 00:36:36.771","-20","54","Sell"
"1","871","967","2021-04-15 00:36:36.773","-24","33","Buy"
"1","872","968","2021-04-15 00:36:36.774","-19","21","Sell"
"1","873","969","2021-04-15 00:36:36.775","0","1168","Sell"
"1","874","972","2021-04-15 00:36:36.776","-19","47","Sell"
"1","875","973","2021-04-15 00:36:36.777","-24","24","Buy"
"1","876","974","2021-04-15 00:36:36.778","-19","142","Sell"
"1","877","-973","2021-04-15 00:36:36.781","-24","0","Buy"
"1","878","-966","2021-04-15 00:36:36.784","-20","0","Sell"
"1","879","978","2021-04-15 00:36:36.785","-18","69","Sell"
"1","880","-978","2021-04-15 00:36:36.788","-18","0","Sell"
"1","881","980","2021-04-15 00:36:36.789","-29","157","Buy"
"1","882","982","2021-04-15 00:36:36.792","-30","48","Buy"
"1","883","-960","2021-04-15 00:36:36.795","-18","0","Sell"
"1","884","984","2021-04-15 00:36:36.796","0","164","Buy"
"1","885","-982","2021-04-15 00:36:36.798","-30","0","Buy"
"1","886","-980","2021-04-15 00:36:36.801","-29","0","Buy"
"1","887","987","2021-04-15 00:36:36.802","-21","29","Buy"
"1","888","988","2021-04-15 00:36:36.803","0","2414","Buy"
"1","889","989","2021-04-15 00:36:36.805","-22","116","Buy"
"1","890","990","2021-04-15 00:36:36.806","-16","34","Sell"
"1","891","991","2021-04-15 00:36:36.807","-20","61","Buy"
"1","892","-989","2021-04-15 00:36:36.810","-22","0","Buy"
"1","893","993","2021-04-15 00:36:36.811","-17","55","Sell"
"1","894","-993","2021-04-15 00:36:36.813","-17","0","Sell"
"1","895","-990","2021-04-15 00:36:36.816","-16","0","Sell"
"1","896","996","2021-04-15 00:36:36.817","0","74","Sell"
"1","897","-987","2021-04-15 00:36:36.819","-21","0","Buy"
"1","898","1000","2021-04-15 00:36:36.822","-14","43","Sell"
"1","899","1001","2021-04-15 00:36:36.823","0","174","Buy"
"1","900","1002","2021-04-15 00:36:36.825","-11","24","Sell"
"1","901","1004","2021-04-15 00:36:36.827","-12","83","Sell"
"1","902","1005","2021-04-15 00:36:36.829","-11","62","Sell"
"1","903","1006","2021-04-15 00:36:36.830","-22","38","Buy"
"1","904","-1004","2021-04-15 00:36:36.832","-12","0","Sell"
"1","905","1009","2021-04-15 00:36:36.835","0","92","Sell"
"1","906","1011","2021-04-15 00:36:36.837","-10","21","Sell"
"1","907","-1011","2021-04-15 00:36:36.840","-10","0","Sell"
"1","908","1013","2021-04-15 00:36:36.841","-12","37","Sell"
"1","909","1014","2021-04-15 00:36:36.843","-11","27","Sell"
"1","910","1015","2021-04-15 00:36:36.844","-21","38","Buy"
"1","911","1016","2021-04-15 00:36:36.845","-20","35","Buy"
"1","912","1017","2021-04-15 00:36:36.846","0","101","Buy"
"1","913","1018","2021-04-15 00:36:36.848","-21","41","Buy"
"1","914","1019","2021-04-15 00:36:36.849","-19","66","Buy"
"1","915","1020","2021-04-15 00:36:36.850","-20","32","Buy"
"1","916","1021","2021-04-15 00:36:36.851","-10","40","Sell"
"1","917","1022","2021-04-15 00:36:36.853","-12","186","Sell"
"1","918","1023","2021-04-15 00:36:36.854","-18","22","Buy"
"1","919","1024","2021-04-15 00:36:36.856","-13","35","Sell"
"1","920","-1024","2021-04-15 00:36:36.859","-13","0","Sell"
"1","921","-1005","2021-04-15 00:36:36.862","-11","0","Sell"
"1","922","-1021","2021-04-15 00:36:36.865","-10","0","Sell"
"1","923","1028","2021-04-15 00:36:36.866","0","61","Sell"
"1","924","1029","2021-04-15 00:36:36.867","-11","24","Sell"
"1","925","-1019","2021-04-15 00:36:36.870","-19","0","Buy"
"1","926","1031","2021-04-15 00:36:36.871","-19","542","Buy"
"1","927","1032","2021-04-15 00:36:36.872","-13","64","Sell"
"1","928","1033","2021-04-15 00:36:36.874","0","462","Buy"
"1","929","-1031","2021-04-15 00:36:36.877","-19","0","Buy"
"1","930","-1015","2021-04-15 00:36:36.880","-21","0","Buy"
"1","931","1040","2021-04-15 00:36:36.881","-19","58","Buy"
"1","932","1041","2021-04-15 00:36:36.883","-20","35","Buy"
"1","933","1042","2021-04-15 00:36:36.884","-20","21","Buy"
"1","934","-1016","2021-04-15 00:36:36.886","-20","0","Buy"
"1","935","1044","2021-04-15 00:36:36.888","-20","25","Buy"
"1","936","1045","2021-04-15 00:36:36.889","0","443","Sell"
"1","937","1047","2021-04-15 00:36:36.891","-15","27","Sell"
"1","938","1048","2021-04-15 00:36:36.892","-16","96","Sell"
"1","939","-1048","2021-04-15 00:36:36.895","-16","0","Sell"
"1","940","1052","2021-04-15 00:36:36.897","-24","25","Buy"
"1","941","-1047","2021-04-15 00:36:36.899","-15","0","Sell"
"1","942","1055","2021-04-15 00:36:36.901","-19","23","Sell"
"1","943","1056","2021-04-15 00:36:36.902","-23","149","Buy"
"1","944","1057","2021-04-15 00:36:36.903","-22","24","Buy"
"1","945","1058","2021-04-15 00:36:36.905","-18","145","Sell"
"1","946","1059","2021-04-15 00:36:36.906","-21","219","Buy"
"1","947","1060","2021-04-15 00:36:36.907","-18","63","Sell"
"1","948","1061","2021-04-15 00:36:36.908","0","98","Buy"
"1","949","1063","2021-04-15 00:36:36.911","-20","38","Buy"
"1","950","1064","2021-04-15 00:36:36.912","-21","25","Buy"
"1","951","1065","2021-04-15 00:36:36.913","-21","22","Buy"
"1","952","1066","2021-04-15 00:36:36.914","0","61","Buy"
"1","953","-1063","2021-04-15 00:36:36.917","-20","0","Buy"
"1","954","1068","2021-04-15 00:36:36.918","0","78","Sell"
"1","955","1069","2021-04-15 00:36:36.919","-17","62","Sell"
"1","956","1070","2021-04-15 00:36:36.920","-19","30","Sell"
"1","957","-1064","2021-04-15 00:36:36.923","-21","0","Buy"
"1","958","-1059","2021-04-15 00:36:36.926","-21","0","Buy"
"1","959","1073","2021-04-15 00:36:36.927","-18","22","Sell"
"1","960","-1070","2021-04-15 00:36:36.930","-19","0","Sell"
"1","961","1075","2021-04-15 00:36:36.931","-17","35","Sell"
"1","962","1076","2021-04-15 00:36:36.933","-22","43","Buy"
"1","963","1077","2021-04-15 00:36:36.934","-17","58","Sell"
"1","964","1078","2021-04-15 00:36:36.935","-20","43","Buy"
"1","965","1079","2021-04-15 00:36:36.937","-21","43","Buy"
"1","966","-1057","2021-04-15 00:36:36.940","-22","0","Buy"
"1","967","1081","2021-04-15 00:36:36.941","-21","876","Buy"
"1","968","1082","2021-04-15 00:36:36.942","0","79","Sell"
"1","969","1083","2021-04-15 00:36:36.944","-20","22","Buy"
"1","970","-1081","2021-04-15 00:36:36.947","-21","0","Buy"
"1","971","-1069","2021-04-15 00:36:36.949","-17","0","Sell"
"1","972","1086","2021-04-15 00:36:36.951","-19","234","Buy"
"1","973","1087","2021-04-15 00:36:36.952","-18","22","Buy"
"1","974","-1086","2021-04-15 00:36:36.955","-19","0","Buy"
"1","975","1089","2021-04-15 00:36:36.956","0","204","Sell"
"1","976","1090","2021-04-15 00:36:36.957","-24","39","Buy"
"1","977","1091","2021-04-15 00:36:36.958","-22","132","Buy"
"1","978","1092","2021-04-15 00:36:36.960","-23","63","Buy"
"1","979","1093","2021-04-15 00:36:36.961","-19","21","Sell"
"1","980","-1093","2021-04-15 00:36:36.964","-19","0","Sell"
"1","981","-1077","2021-04-15 00:36:36.967","-17","0","Sell"
"1","982","1096","2021-04-15 00:36:36.968","-19","52","Sell"
"1","983","-1090","2021-04-15 00:36:36.971","-24","0","Buy"
"1","984","1098","2021-04-15 00:36:36.972","-21","81","Buy"
"1","985","1099","2021-04-15 00:36:36.973","-20","23","Buy"
"1","986","1100","2021-04-15 00:36:36.974","-19","25","Buy"
"1","987","1101","2021-04-15 00:36:36.976","-21","72","Buy"
"1","988","1102","2021-04-15 00:36:36.977","0","105","Buy"
"1","989","1103","2021-04-15 00:36:36.978","-19","34","Buy"
"1","990","1104","2021-04-15 00:36:36.980","-16","39","Sell"
"1","991","1105","2021-04-15 00:36:36.981","0","53","Sell"
"1","992","1106","2021-04-15 00:36:36.982","0","116","Buy"
"1","993","1108","2021-04-15 00:36:36.984","0","796","Sell"
"1","994","1111","2021-04-15 00:36:36.986","-14","24","Sell"
"1","995","1112","2021-04-15 00:36:36.987","-15","280","Buy"
"1","996","1113","2021-04-15 00:36:36.988","-15","51","Sell"
"1","997","1114","2021-04-15 00:36:36.990","-15","35","Sell"
"1","998","-1111","2021-04-15 00:36:36.992","-14","0","Sell"
"1","999","1118","2021-04-15 00:36:36.994","0","376","Sell"
"1","1000","1121","2021-04-15 00:36:36.997","-9","21","Sell"
"1","1001","-1121","2021-04-15 00:36:36.999","-9","0","Sell"
"1","1002","1126","2021-04-15 00:36:37.001","-10","22","Sell"
"1","1003","1129","2021-04-15 00:36:37.004","-18","53","Buy"
"1","1004","1130","2021-04-15 00:36:37.005","-11","4091","Sell"
"1","1005","1131","2021-04-15 00:36:37.006","-19","21","Buy"
"1","1006","1132","2021-04-15 00:36:37.007","-19","29","Buy"
"1","1007","-1131","2021-04-15 00:36:37.009","-19","0","Buy"
"1","1008","1134","2021-04-15 00:36:37.011","-19","308","Buy"
"1","1009","1135","2021-04-15 00:36:37.012","0","9911","Sell"
"1","1010","1136","2021-04-15 00:36:37.014","-10","6720","Sell"
"1","1011","-1130","2021-04-15 00:36:37.016","-11","0","Sell"
"1","1012","1139","2021-04-15 00:36:37.019","0","59","Buy"
"1","1013","1140","2021-04-15 00:36:37.020","-11","102","Sell"
"1","1014","1141","2021-04-15 00:36:37.021","-12","35","Sell"
"1","1015","1143","2021-04-15 00:36:37.023","-19","30","Buy"
"1","1016","-1140","2021-04-15 00:36:37.025","-11","0","Sell"
"1","1017","1145","2021-04-15 00:36:37.027","-18","44","Buy"
"1","1018","1146","2021-04-15 00:36:37.028","-11","61","Sell"
"1","1019","1147","2021-04-15 00:36:37.030","-19","78","Buy"
"1","1020","-1141","2021-04-15 00:36:37.032","-12","0","Sell"
"1","1021","1149","2021-04-15 00:36:37.034","-17","25","Buy"
"1","1022","-1145","2021-04-15 00:36:37.036","-18","0","Buy"
"1","1023","-1147","2021-04-15 00:36:37.039","-19","0","Buy"
"1","1024","1152","2021-04-15 00:36:37.040","-18","217","Buy"
"1","1025","-1152","2021-04-15 00:36:37.043","-18","0","Buy"
"1","1026","-1143","2021-04-15 00:36:37.045","-19","0","Buy"
"1","1027","-1149","2021-04-15 00:36:37.047","-17","0","Buy"
"1","1028","1156","2021-04-15 00:36:37.048","-13","59","Buy"
"1","1029","1157","2021-04-15 00:36:37.049","-12","24","Sell"
"1","1030","1158","2021-04-15 00:36:37.051","-14","44","Buy"
"1","1031","1159","2021-04-15 00:36:37.052","-12","281","Buy"
"1","1032","1160","2021-04-15 00:36:37.054","-11","33","Buy"
"1","1033","1161","2021-04-15 00:36:37.055","-12","943","Sell"
"1","1034","1162","2021-04-15 00:36:37.056","-12","36","Buy"
"1","1035","1163","2021-04-15 00:36:37.057","-14","51","Buy"
"1","1036","1164","2021-04-15 00:36:37.058","0","239","Buy"
"1","1037","-1161","2021-04-15 00:36:37.061","-12","0","Sell"
"1","1038","-1136","2021-04-15 00:36:37.064","-10","0","Sell"
"1","1039","1167","2021-04-15 00:36:37.065","-12","44","Sell"
"1","1040","1168","2021-04-15 00:36:37.066","-11","63","Sell"
"1","1041","1169","2021-04-15 00:36:37.068","-11","34","Sell"
"1","1042","-1168","2021-04-15 00:36:37.070","-11","0","Sell"
"1","1043","-1167","2021-04-15 00:36:37.072","-12","0","Sell"
"1","1044","-1156","2021-04-15 00:36:37.075","-13","0","Buy"
"1","1045","1173","2021-04-15 00:36:37.076","-13","46","Buy"
"1","1046","1174","2021-04-15 00:36:37.077","-12","232","Buy"
"1","1047","1175","2021-04-15 00:36:37.079","-12","30","Sell"
"1","1048","1176","2021-04-15 00:36:37.080","0","84","Buy"
"1","1049","1177","2021-04-15 00:36:37.081","-7","144","Sell"
"1","1050","1178","2021-04-15 00:36:37.083","-8","30","Sell"
"1","1051","-1174","2021-04-15 00:36:37.085","-12","0","Buy"
"1","1052","-1173","2021-04-15 00:36:37.088","-13","0","Buy"
"1","1053","-1178","2021-04-15 00:36:37.090","-8","0","Sell"
"1","1054","1182","2021-04-15 00:36:37.091","0","52","Sell"
"1","1055","1184","2021-04-15 00:36:37.094","0","569","Sell"
"1","1056","1185","2021-04-15 00:36:37.095","-8","28","Buy"
"1","1057","1186","2021-04-15 00:36:37.097","-8","60913","Sell"
"1","1058","-1177","2021-04-15 00:36:37.100","-7","0","Sell"
"1","1059","1190","2021-04-15 00:36:37.101","-16","46","Buy"
"1","1060","1191","2021-04-15 00:36:37.102","-17","29","Buy"
"1","1061","1192","2021-04-15 00:36:37.104","-7","24","Sell"
"1","1062","-1192","2021-04-15 00:36:37.106","-7","0","Sell"
"1","1063","-1191","2021-04-15 00:36:37.108","-17","0","Buy"
"1","1064","1195","2021-04-15 00:36:37.110","-9","24","Sell"
"1","1065","-1195","2021-04-15 00:36:37.112","-9","0","Sell"
"1","1066","1197","2021-04-15 00:36:37.113","-7","22","Sell"
"1","1067","1198","2021-04-15 00:36:37.114","-7","31","Sell"
"1","1068","1199","2021-04-15 00:36:37.115","0","563","Buy"
"1","1069","1200","2021-04-15 00:36:37.117","-17","29","Buy"
"1","1070","1201","2021-04-15 00:36:37.118","-9","21","Sell"
"1","1071","1202","2021-04-15 00:36:37.119","-8","46","Sell"
"1","1072","-1197","2021-04-15 00:36:37.122","-7","0","Sell"
"1","1073","1204","2021-04-15 00:36:37.123","-8","34","Sell"
"1","1074","1205","2021-04-15 00:36:37.124","0","98","Buy"
"1","1075","-1200","2021-04-15 00:36:37.127","-17","0","Buy"
"1","1076","1209","2021-04-15 00:36:37.131","-9","24","Sell"
"1","1077","-1202","2021-04-15 00:36:37.134","-8","0","Sell"
"1","1078","1211","2021-04-15 00:36:37.136","-10","37","Sell"
"1","1079","1212","2021-04-15 00:36:37.137","-9","48","Sell"
"1","1080","-1190","2021-04-15 00:36:37.141","-16","0","Buy"
"1","1081","1215","2021-04-15 00:36:37.143","0","202","Buy"
"1","1082","1216","2021-04-15 00:36:37.144","-17","242","Buy"
"1","1083","1217","2021-04-15 00:36:37.145","0","51","Sell"
"1","1084","1218","2021-04-15 00:36:37.146","-16","344","Buy"
"1","1085","-1216","2021-04-15 00:36:37.149","-17","0","Buy"
"1","1086","1220","2021-04-15 00:36:37.150","-9","45","Sell"
"1","1087","-1218","2021-04-15 00:36:37.153","-16","0","Buy"
"1","1088","1222","2021-04-15 00:36:37.154","-10","313","Sell"
"1","1089","1223","2021-04-15 00:36:37.155","-19","373","Buy"
"1","1090","1225","2021-04-15 00:36:37.158","-18","82","Buy"
"1","1091","1226","2021-04-15 00:36:37.160","-19","338","Buy"
"1","1092","-1186","2021-04-15 00:36:37.163","-8","0","Sell"
"1","1093","1228","2021-04-15 00:36:37.164","-9","1962","Sell"
"1","1094","1229","2021-04-15 00:36:37.166","-17","249","Buy"
"1","1095","-1223","2021-04-15 00:36:37.169","-19","0","Buy"
"1","1096","1231","2021-04-15 00:36:37.170","-16","115","Buy"
"1","1097","1232","2021-04-15 00:36:37.171","-17","43","Buy"
"1","1098","1233","2021-04-15 00:36:37.172","-15","28","Buy"
"1","1099","-1226","2021-04-15 00:36:37.175","-19","0","Buy"
"1","1100","-1233","2021-04-15 00:36:37.178","-15","0","Buy"
"1","1101","-1231","2021-04-15 00:36:37.181","-16","0","Buy"
"1","1102","-1220","2021-04-15 00:36:37.184","-9","0","Sell"
"1","1103","-1222","2021-04-15 00:36:37.186","-10","0","Sell"
"1","1104","1239","2021-04-15 00:36:37.188","-10","56","Sell"
"1","1105","1240","2021-04-15 00:36:37.189","-11","71","Sell"
"1","1106","-1240","2021-04-15 00:36:37.191","-11","0","Sell"
"1","1107","-1225","2021-04-15 00:36:37.194","-18","0","Buy"
"1","1108","-1232","2021-04-15 00:36:37.197","-17","0","Buy"
"1","1109","1244","2021-04-15 00:36:37.199","-18","50","Buy"
"1","1110","1245","2021-04-15 00:36:37.200","-9","27","Sell"
"1","1111","1246","2021-04-15 00:36:37.201","-11","2846","Sell"
"1","1112","-1229","2021-04-15 00:36:37.204","-17","0","Buy"
"1","1113","1248","2021-04-15 00:36:37.205","-12","141","Sell"
"1","1114","1249","2021-04-15 00:36:37.207","-19","34","Buy"
"1","1115","1250","2021-04-15 00:36:37.208","-11","26","Sell"
"1","1116","1251","2021-04-15 00:36:37.209","0","65","Buy"
"1","1117","-1248","2021-04-15 00:36:37.212","-12","0","Sell"
"1","1118","-1249","2021-04-15 00:36:37.214","-19","0","Buy"
"1","1119","1254","2021-04-15 00:36:37.216","-19","127","Buy"
"1","1120","1255","2021-04-15 00:36:37.217","-10","20","Sell"
"1","1121","-1204","2021-04-15 00:36:37.220","-8","0","Sell"
"1","1122","-1198","2021-04-15 00:36:37.222","-7","0","Sell"
"1","1123","1258","2021-04-15 00:36:37.223","-10","29","Sell"
"1","1124","1259","2021-04-15 00:36:37.225","-10","28","Sell"
"1","1125","-1254","2021-04-15 00:36:37.228","-19","0","Buy"
"1","1126","1261","2021-04-15 00:36:37.229","-12","70","Sell"
"1","1127","1262","2021-04-15 00:36:37.231","-19","108","Buy"
"1","1128","1263","2021-04-15 00:36:37.232","-11","292","Sell"
"1","1129","-1244","2021-04-15 00:36:37.235","-18","0","Buy"
"1","1130","1265","2021-04-15 00:36:37.236","0","836","Sell"
"1","1131","1266","2021-04-15 00:36:37.238","-13","33","Sell"
"1","1132","1268","2021-04-15 00:36:37.239","-14","66","Sell"
"1","1133","1269","2021-04-15 00:36:37.241","-24","22","Buy"
"1","1134","1271","2021-04-15 00:36:37.244","-25","22","Buy"
"1","1135","-1268","2021-04-15 00:36:37.246","-14","0","Sell"
"1","1136","-1228","2021-04-15 00:36:37.249","-9","0","Sell"
"1","1137","1274","2021-04-15 00:36:37.250","-25","40","Buy"
"1","1138","-1271","2021-04-15 00:36:37.253","-25","0","Buy"
"1","1139","1276","2021-04-15 00:36:37.254","-25","44","Buy"
"1","1140","-1276","2021-04-15 00:36:37.257","-25","0","Buy"
"1","1141","1278","2021-04-15 00:36:37.258","-23","23","Buy"
"1","1142","1279","2021-04-15 00:36:37.260","-24","18953","Buy"
"1","1143","-1269","2021-04-15 00:36:37.263","-24","0","Buy"
"1","1144","1281","2021-04-15 00:36:37.265","-24","74","Buy"
"1","1145","-1266","2021-04-15 00:36:37.268","-13","0","Sell"
"1","1146","-1261","2021-04-15 00:36:37.271","-12","0","Sell"
"1","1147","1284","2021-04-15 00:36:37.272","-22","25","Buy"
"1","1148","1285","2021-04-15 00:36:37.274","-10","176","Sell"
"1","1149","1286","2021-04-15 00:36:37.275","0","79","Buy"
"1","1150","1287","2021-04-15 00:36:37.276","0","259","Buy"
"1","1151","1288","2021-04-15 00:36:37.277","0","203","Sell"
"1","1152","-1246","2021-04-15 00:36:37.280","-11","0","Sell"
"1","1153","1290","2021-04-15 00:36:37.281","0","56","Sell"
"1","1154","1291","2021-04-15 00:36:37.282","-10","221","Sell"
"1","1155","1292","2021-04-15 00:36:37.283","-23","33","Buy"
"1","1156","1293","2021-04-15 00:36:37.285","-12","29","Sell"
"1","1157","1294","2021-04-15 00:36:37.286","-24","42","Buy"
"1","1158","-1293","2021-04-15 00:36:37.289","-12","0","Sell"
"1","1159","1296","2021-04-15 00:36:37.290","-24","129","Buy"
"1","1160","1297","2021-04-15 00:36:37.291","0","60","Buy"
"1","1161","1298","2021-04-15 00:36:37.292","-12","319","Sell"
"1","1162","1299","2021-04-15 00:36:37.294","-13","52","Sell"
"1","1163","-1281","2021-04-15 00:36:37.297","-24","0","Buy"
"1","1164","-1298","2021-04-15 00:36:37.300","-12","0","Sell"
"1","1165","1302","2021-04-15 00:36:37.302","-14","36","Sell"
"1","1166","1303","2021-04-15 00:36:37.303","-15","45","Sell"
"1","1167","-1294","2021-04-15 00:36:37.306","-24","0","Buy"
"1","1168","-1292","2021-04-15 00:36:37.310","-23","0","Buy"
"1","1169","1306","2021-04-15 00:36:37.311","-14","38","Sell"
"1","1170","-1274","2021-04-15 00:36:37.314","-25","0","Buy"
"1","1171","1308","2021-04-15 00:36:37.316","-23","40","Buy"
"1","1172","1309","2021-04-15 00:36:37.317","-22","63","Buy"
"1","1173","-1291","2021-04-15 00:36:37.320","-10","0","Sell"
"1","1174","-1303","2021-04-15 00:36:37.323","-15","0","Sell"
"1","1175","-1279","2021-04-15 00:36:37.326","-24","0","Buy"
"1","1176","1313","2021-04-15 00:36:37.328","-13","250","Sell"
"1","1177","-1245","2021-04-15 00:36:37.331","-9","0","Sell"
"1","1178","-1258","2021-04-15 00:36:37.334","-10","0","Sell"
"1","1179","1316","2021-04-15 00:36:37.335","-21","20","Buy"
"1","1180","1317","2021-04-15 00:36:37.337","0","55","Sell"
"1","1181","1318","2021-04-15 00:36:37.338","0","104","Buy"
"1","1182","1319","2021-04-15 00:36:37.339","-23","140","Buy"
"1","1183","-1309","2021-04-15 00:36:37.342","-22","0","Buy"
"1","1184","1321","2021-04-15 00:36:37.343","-12","85","Sell"
"1","1185","1322","2021-04-15 00:36:37.344","-24","51","Buy"
"1","1186","1323","2021-04-15 00:36:37.346","0","555","Sell"
"1","1187","1325","2021-04-15 00:36:37.348","-14","109","Buy"
"1","1188","-1299","2021-04-15 00:36:37.351","-13","0","Sell"
"1","1189","-1313","2021-04-15 00:36:37.353","-13","0","Sell"
"1","1190","1328","2021-04-15 00:36:37.354","-15","31","Buy"
"1","1191","1329","2021-04-15 00:36:37.355","0","1786","Buy"
"1","1192","-1328","2021-04-15 00:36:37.358","-15","0","Buy"
"1","1193","1332","2021-04-15 00:36:37.359","0","380","Sell"
"1","1194","1336","2021-04-15 00:36:37.362","-5","238","Sell"
"1","1195","1338","2021-04-15 00:36:37.363","-15","76","Buy"
"1","1196","-1336","2021-04-15 00:36:37.365","-5","0","Sell"
"1","1197","1341","2021-04-15 00:36:37.368","-16","50","Buy"
"1","1198","1342","2021-04-15 00:36:37.369","-16","58","Buy"
"1","1199","1343","2021-04-15 00:36:37.370","-6","20","Sell"
"1","1200","1344","2021-04-15 00:36:37.372","-5","23","Sell"
"1","1201","1345","2021-04-15 00:36:37.373","-14","24","Buy"
"1","1202","-1345","2021-04-15 00:36:37.375","-14","0","Buy"
"1","1203","-1344","2021-04-15 00:36:37.377","-5","0","Sell"
"1","1204","1348","2021-04-15 00:36:37.378","0","56","Sell"
"1","1205","-1341","2021-04-15 00:36:37.380","-16","0","Buy"
"1","1206","1350","2021-04-15 00:36:37.382","-7","52","Sell"
"1","1207","1351","2021-04-15 00:36:37.383","-14","26","Buy"
"1","1208","-1351","2021-04-15 00:36:37.385","-14","0","Buy"
"1","1209","1353","2021-04-15 00:36:37.386","-16","1352","Buy"
"1","1210","1354","2021-04-15 00:36:37.387","-8","591","Sell"
"1","1211","-1343","2021-04-15 00:36:37.389","-6","0","Sell"
"1","1212","1356","2021-04-15 00:36:37.391","-16","60","Buy"
"1","1213","1357","2021-04-15 00:36:37.392","-9","40","Sell"
"1","1214","1358","2021-04-15 00:36:37.393","-10","30","Sell"
"1","1215","-1358","2021-04-15 00:36:37.396","-10","0","Sell"
"1","1216","-1357","2021-04-15 00:36:37.399","-9","0","Sell"
"1","1217","1361","2021-04-15 00:36:37.400","0","288","Buy"
"1","1218","1362","2021-04-15 00:36:37.401","-7","55","Sell"
"1","1219","1363","2021-04-15 00:36:37.402","0","50","Sell"
"1","1220","1364","2021-04-15 00:36:37.403","-9","349","Sell"
"1","1221","1365","2021-04-15 00:36:37.404","-15","95","Buy"
"1","1222","-1354","2021-04-15 00:36:37.407","-8","0","Sell"
"1","1223","1367","2021-04-15 00:36:37.408","-8","211","Sell"
"1","1224","1368","2021-04-15 00:36:37.409","-10","21","Sell"
"1","1225","1369","2021-04-15 00:36:37.410","-9","33","Sell"
"1","1226","1370","2021-04-15 00:36:37.412","0","81","Sell"
"1","1227","1371","2021-04-15 00:36:37.413","0","1206","Sell"
"1","1228","1372","2021-04-15 00:36:37.414","0","145","Buy"
"1","1229","-1356","2021-04-15 00:36:37.417","-16","0","Buy"
"1","1230","1375","2021-04-15 00:36:37.419","-10","187","Sell"
"1","1231","1376","2021-04-15 00:36:37.420","-11","26","Sell"
"1","1232","1377","2021-04-15 00:36:37.422","-12","29","Sell"
"1","1233","1378","2021-04-15 00:36:37.423","0","61","Sell"
"1","1234","-1377","2021-04-15 00:36:37.425","-12","0","Sell"
"1","1235","1380","2021-04-15 00:36:37.427","0","50","Sell"
"1","1236","1381","2021-04-15 00:36:37.428","-10","40","Sell"
"1","1237","-1350","2021-04-15 00:36:37.431","-7","0","Sell"
"1","1238","1383","2021-04-15 00:36:37.432","0","220","Sell"
"1","1239","1384","2021-04-15 00:36:37.433","-10","40","Sell"
"1","1240","1385","2021-04-15 00:36:37.435","-18","103","Buy"
"1","1241","1386","2021-04-15 00:36:37.436","-19","420","Buy"
"1","1242","1387","2021-04-15 00:36:37.437","-17","51","Buy"
"1","1243","1388","2021-04-15 00:36:37.439","0","71","Sell"
"1","1244","-1385","2021-04-15 00:36:37.441","-18","0","Buy"
"1","1245","1390","2021-04-15 00:36:37.443","-12","23","Sell"
"1","1246","1392","2021-04-15 00:36:37.446","-20","33","Buy"
"1","1247","1393","2021-04-15 00:36:37.447","0","93","Buy"
"1","1248","1394","2021-04-15 00:36:37.448","-18","113","Buy"
"1","1249","1395","2021-04-15 00:36:37.449","-9","261","Sell"
"1","1250","-1364","2021-04-15 00:36:37.452","-9","0","Sell"
"1","1251","-1395","2021-04-15 00:36:37.455","-9","0","Sell"
"1","1252","1398","2021-04-15 00:36:37.456","-11","60","Sell"
"1","1253","1399","2021-04-15 00:36:37.457","-19","39","Buy"
"1","1254","1400","2021-04-15 00:36:37.459","-10","90","Sell"
"1","1255","-1394","2021-04-15 00:36:37.462","-18","0","Buy"
"1","1256","1402","2021-04-15 00:36:37.463","-10","86","Sell"
"1","1257","1403","2021-04-15 00:36:37.465","-10","207","Sell"
"1","1258","1404","2021-04-15 00:36:37.466","-12","80","Sell"
"1","1259","1405","2021-04-15 00:36:37.467","-11","1674","Sell"
"1","1260","-1404","2021-04-15 00:36:37.469","-12","0","Sell"
"1","1261","-1402","2021-04-15 00:36:37.472","-10","0","Sell"
"1","1262","1408","2021-04-15 00:36:37.474","-20","657","Buy"
"1","1263","-1408","2021-04-15 00:36:37.476","-20","0","Buy"
"1","1264","-1386","2021-04-15 00:36:37.478","-19","0","Buy"
"1","1265","1411","2021-04-15 00:36:37.480","-20","20","Buy"
"1","1266","1412","2021-04-15 00:36:37.481","-20","28","Buy"
"1","1267","1413","2021-04-15 00:36:37.482","-20","65","Buy"
"1","1268","1414","2021-04-15 00:36:37.483","-12","24","Sell"
"1","1269","-1375","2021-04-15 00:36:37.486","-10","0","Sell"
"1","1270","1416","2021-04-15 00:36:37.487","-18","42","Buy"
"1","1271","-1414","2021-04-15 00:36:37.490","-12","0","Sell"
"1","1272","1418","2021-04-15 00:36:37.491","-17","25","Buy"
"1","1273","1419","2021-04-15 00:36:37.492","-12","24","Sell"
"1","1274","-1413","2021-04-15 00:36:37.495","-20","0","Buy"
"1","1275","1421","2021-04-15 00:36:37.497","0","52","Sell"
"1","1276","-1398","2021-04-15 00:36:37.499","-11","0","Sell"
"1","1277","1423","2021-04-15 00:36:37.501","-13","36","Sell"
"1","1278","1424","2021-04-15 00:36:37.502","0","60","Buy"
"1","1279","1425","2021-04-15 00:36:37.504","0","157","Sell"
"1","1280","1427","2021-04-15 00:36:37.505","-14","22","Buy"
"1","1281","1428","2021-04-15 00:36:37.507","-15","46","Buy"
"1","1282","1429","2021-04-15 00:36:37.508","-13","65","Buy"
"1","1283","1430","2021-04-15 00:36:37.509","-14","59","Buy"
"1","1284","1431","2021-04-15 00:36:37.510","-14","31","Buy"
"1","1285","1432","2021-04-15 00:36:37.511","-10","62","Sell"
"1","1286","1433","2021-04-15 00:36:37.513","-12","41","Buy"
"1","1287","-1405","2021-04-15 00:36:37.515","-11","0","Sell"
"1","1288","1435","2021-04-15 00:36:37.517","-13","26","Buy"
"1","1289","-1433","2021-04-15 00:36:37.519","-12","0","Buy"
"1","1290","1437","2021-04-15 00:36:37.521","-11","791","Sell"
"1","1291","1438","2021-04-15 00:36:37.522","-12","61","Sell"
"1","1292","1439","2021-04-15 00:36:37.523","-13","20","Sell"
"1","1293","1440","2021-04-15 00:36:37.525","-11","54","Sell"
"1","1294","1441","2021-04-15 00:36:37.526","-11","241","Sell"
"1","1295","-1369","2021-04-15 00:36:37.529","-9","0","Sell"
"1","1296","1443","2021-04-15 00:36:37.531","0","68","Buy"
"1","1297","1444","2021-04-15 00:36:37.532","-14","101","Buy"
"1","1298","-1428","2021-04-15 00:36:37.535","-15","0","Buy"
"1","1299","1446","2021-04-15 00:36:37.536","-14","68","Buy"
"1","1300","1447","2021-04-15 00:36:37.537","-12","128","Sell"
"1","1301","-1435","2021-04-15 00:36:37.541","-13","0","Buy"
"1","1302","1449","2021-04-15 00:36:37.542","-11","31","Sell"
"1","1303","1450","2021-04-15 00:36:37.543","-11","22","Sell"
"1","1304","1451","2021-04-15 00:36:37.545","-11","28","Sell"
"1","1305","1452","2021-04-15 00:36:37.546","-12","95","Buy"
"1","1306","-1381","2021-04-15 00:36:37.549","-10","0","Sell"
"1","1307","1454","2021-04-15 00:36:37.550","-13","73","Sell"
"1","1308","1455","2021-04-15 00:36:37.552","0","61","Buy"
"1","1309","1456","2021-04-15 00:36:37.553","-10","101","Sell"
"1","1310","1457","2021-04-15 00:36:37.554","-13","57","Buy"
"1","1311","-1430","2021-04-15 00:36:37.557","-14","0","Buy"
"1","1312","-1451","2021-04-15 00:36:37.560","-11","0","Sell"
"1","1313","-1403","2021-04-15 00:36:37.563","-10","0","Sell"
"1","1314","1461","2021-04-15 00:36:37.564","-12","26","Sell"
"1","1315","1462","2021-04-15 00:36:37.566","-13","718","Sell"
"1","1316","1463","2021-04-15 00:36:37.567","-15","25","Buy"
"1","1317","-1446","2021-04-15 00:36:37.571","-14","0","Buy"
"1","1318","1465","2021-04-15 00:36:37.572","-14","41","Sell"
"1","1319","1466","2021-04-15 00:36:37.574","-14","29","Sell"
"1","1320","-1456","2021-04-15 00:36:37.577","-10","0","Sell"
"1","1321","1468","2021-04-15 00:36:37.578","0","55","Buy"
"1","1322","1469","2021-04-15 00:36:37.580","-12","24","Sell"
"1","1323","1470","2021-04-15 00:36:37.581","-15","42","Buy"
"1","1324","1471","2021-04-15 00:36:37.582","-12","23","Sell"
"1","1325","-1462","2021-04-15 00:36:37.585","-13","0","Sell"
"1","1326","-1384","2021-04-15 00:36:37.588","-10","0","Sell"
"1","1327","-1444","2021-04-15 00:36:37.590","-14","0","Buy"
"1","1328","1476","2021-04-15 00:36:37.594","-16","34","Buy"
"1","1329","1477","2021-04-15 00:36:37.595","-16","78","Buy"
"1","1330","1478","2021-04-15 00:36:37.596","-13","22","Sell"
"1","1331","1479","2021-04-15 00:36:37.598","-12","69","Sell"
"1","1332","1480","2021-04-15 00:36:37.599","0","55","Buy"
"1","1333","1481","2021-04-15 00:36:37.601","-16","101","Buy"
"1","1334","1482","2021-04-15 00:36:37.602","-13","22","Sell"
"1","1335","1483","2021-04-15 00:36:37.603","0","81","Buy"
"1","1336","-1477","2021-04-15 00:36:37.606","-16","0","Buy"
"1","1337","1485","2021-04-15 00:36:37.608","0","83","Sell"
"1","1338","1486","2021-04-15 00:36:37.609","-13","88","Sell"
"1","1339","1487","2021-04-15 00:36:37.611","-17","46","Buy"
"1","1340","1488","2021-04-15 00:36:37.612","-14","29","Sell"
"1","1341","-1481","2021-04-15 00:36:37.615","-16","0","Buy"
"1","1342","1490","2021-04-15 00:36:37.617","-15","591","Buy"
"1","1343","-1400","2021-04-15 00:36:37.619","-10","0","Sell"
"1","1344","1492","2021-04-15 00:36:37.621","-15","22","Sell"
"1","1345","-1437","2021-04-15 00:36:37.624","-11","0","Sell"
"1","1346","-1479","2021-04-15 00:36:37.627","-12","0","Sell"
"1","1347","-1490","2021-04-15 00:36:37.630","-15","0","Buy"
"1","1348","1496","2021-04-15 00:36:37.631","-15","48","Sell"
"1","1349","-1496","2021-04-15 00:36:37.634","-15","0","Sell"
"1","1350","1498","2021-04-15 00:36:37.635","-17","87","Buy"
"1","1351","-1476","2021-04-15 00:36:37.638","-16","0","Buy"
"1","1352","1500","2021-04-15 00:36:37.639","-16","114","Buy"
"1","1353","1501","2021-04-15 00:36:37.640","-15","44","Sell"
"1","1354","-1501","2021-04-15 00:36:37.643","-15","0","Sell"
"1","1355","1503","2021-04-15 00:36:37.644","0","100","Buy"
"1","1356","1504","2021-04-15 00:36:37.646","-17","43","Buy"
"1","1357","-1441","2021-04-15 00:36:37.648","-11","0","Sell"
"1","1358","-1487","2021-04-15 00:36:37.651","-17","0","Buy"
"1","1359","1507","2021-04-15 00:36:37.652","-12","34","Sell"
"1","1360","-1500","2021-04-15 00:36:37.655","-16","0","Buy"
"1","1361","-1486","2021-04-15 00:36:37.657","-13","0","Sell"
"1","1362","1510","2021-04-15 00:36:37.658","-16","45","Buy"
"1","1363","1511","2021-04-15 00:36:37.660","-11","157","Sell"
"1","1364","-1498","2021-04-15 00:36:37.663","-17","0","Buy"
"1","1365","1513","2021-04-15 00:36:37.664","-17","22","Buy"
"1","1366","-1450","2021-04-15 00:36:37.667","-11","0","Sell"
"1","1367","1515","2021-04-15 00:36:37.668","-13","108","Sell"
"1","1368","1516","2021-04-15 00:36:37.669","-17","70","Buy"
"1","1369","1517","2021-04-15 00:36:37.671","-17","614","Buy"
"1","1370","1518","2021-04-15 00:36:37.672","-17","52","Buy"
"1","1371","1519","2021-04-15 00:36:37.673","-17","30","Buy"
"1","1372","-1515","2021-04-15 00:36:37.676","-13","0","Sell"
"1","1373","-1510","2021-04-15 00:36:37.678","-16","0","Buy"
"1","1374","1523","2021-04-15 00:36:37.681","-11","61","Sell"
"1","1375","1524","2021-04-15 00:36:37.683","-16","165","Buy"
"1","1376","1525","2021-04-15 00:36:37.684","-11","92","Sell"
"1","1377","1526","2021-04-15 00:36:37.685","0","72","Buy"
"1","1378","-1524","2021-04-15 00:36:37.688","-16","0","Buy"
"1","1379","1528","2021-04-15 00:36:37.689","-18","175","Buy"
"1","1380","1529","2021-04-15 00:36:37.690","-16","35","Buy"
"1","1381","-1518","2021-04-15 00:36:37.693","-17","0","Buy"
"1","1382","1531","2021-04-15 00:36:37.695","0","157","Sell"
"1","1383","1532","2021-04-15 00:36:37.696","-10","61","Sell"
"1","1384","1533","2021-04-15 00:36:37.697","0","172","Buy"
"1","1385","1534","2021-04-15 00:36:37.698","-16","343","Buy"
"1","1386","-1362","2021-04-15 00:36:37.701","-7","0","Sell"
"1","1387","-1519","2021-04-15 00:36:37.704","-17","0","Buy"
"1","1388","1537","2021-04-15 00:36:37.705","-15","61","Buy"
"1","1389","-1537","2021-04-15 00:36:37.708","-15","0","Buy"
"1","1390","1539","2021-04-15 00:36:37.709","0","188","Buy"
"1","1391","-1534","2021-04-15 00:36:37.711","-16","0","Buy"
"1","1392","1541","2021-04-15 00:36:37.712","0","164","Buy"
"1","1393","1542","2021-04-15 00:36:37.714","0","255","Buy"
"1","1394","-1528","2021-04-15 00:36:37.716","-18","0","Buy"
"1","1395","1547","2021-04-15 00:36:37.718","-16","62","Buy"
"1","1396","1549","2021-04-15 00:36:37.720","-15","60","Buy"
"1","1397","-1549","2021-04-15 00:36:37.722","-15","0","Buy"
"1","1398","1551","2021-04-15 00:36:37.723","-11","35","Sell"
"1","1399","1552","2021-04-15 00:36:37.724","0","67","Sell"
"1","1400","1554","2021-04-15 00:36:37.727","-10","202","Sell"
"1","1401","-1551","2021-04-15 00:36:37.729","-11","0","Sell"
"1","1402","1556","2021-04-15 00:36:37.731","-11","2227","Sell"
"1","1403","1557","2021-04-15 00:36:37.732","-16","21","Buy"
"1","1404","-1557","2021-04-15 00:36:37.734","-16","0","Buy"
"1","1405","-1556","2021-04-15 00:36:37.737","-11","0","Sell"
"1","1406","1561","2021-04-15 00:36:37.739","-16","65","Buy"
"1","1407","1562","2021-04-15 00:36:37.741","0","69","Sell"
"1","1408","1563","2021-04-15 00:36:37.742","-18","157","Buy"
"1","1409","1564","2021-04-15 00:36:37.743","-18","34","Buy"
"1","1410","-1517","2021-04-15 00:36:37.745","-17","0","Buy"
"1","1411","1566","2021-04-15 00:36:37.746","0","2661","Sell"
"1","1412","1567","2021-04-15 00:36:37.748","-12","116","Buy"
"1","1413","1568","2021-04-15 00:36:37.749","0","66","Buy"
"1","1414","1570","2021-04-15 00:36:37.751","-9","107","Sell"
"1","1415","1571","2021-04-15 00:36:37.752","-9","52","Sell"
"1","1416","1572","2021-04-15 00:36:37.753","-11","23","Sell"
"1","1417","-1572","2021-04-15 00:36:37.756","-11","0","Sell"
"1","1418","-1567","2021-04-15 00:36:37.758","-12","0","Buy"
"1","1419","1575","2021-04-15 00:36:37.759","-20","84","Buy"
"1","1420","-1575","2021-04-15 00:36:37.762","-20","0","Buy"
"1","1421","1577","2021-04-15 00:36:37.764","-11","24","Sell"
"1","1422","1578","2021-04-15 00:36:37.765","-16","48","Buy"
"1","1423","-1578","2021-04-15 00:36:37.769","-16","0","Buy"
"1","1424","1581","2021-04-15 00:36:37.770","-10","21","Sell"
"1","1425","1582","2021-04-15 00:36:37.771","-12","20","Sell"
"1","1426","1585","2021-04-15 00:36:37.773","-17","24","Buy"
"1","1427","1586","2021-04-15 00:36:37.775","-16","35","Buy"
"1","1428","1587","2021-04-15 00:36:37.776","-13","33","Sell"
"1","1429","-1585","2021-04-15 00:36:37.778","-17","0","Buy"
"1","1430","1589","2021-04-15 00:36:37.779","0","56","Sell"
"1","1431","1590","2021-04-15 00:36:37.781","0","136","Buy"
"1","1432","1592","2021-04-15 00:36:37.782","-9","35","Sell"
"1","1433","1593","2021-04-15 00:36:37.783","-15","50","Buy"
"1","1434","-1571","2021-04-15 00:36:37.786","-9","0","Sell"
"1","1435","-1592","2021-04-15 00:36:37.789","-9","0","Sell"
"1","1436","-1593","2021-04-15 00:36:37.791","-15","0","Buy"
"1","1437","1598","2021-04-15 00:36:37.792","-9","29","Sell"
"1","1438","1599","2021-04-15 00:36:37.794","-11","62","Sell"
"1","1439","1601","2021-04-15 00:36:37.795","-21","26","Buy"
"1","1440","-1570","2021-04-15 00:36:37.798","-9","0","Sell"
"1","1441","1603","2021-04-15 00:36:37.800","-22","23","Buy"
"1","1442","-1599","2021-04-15 00:36:37.802","-11","0","Sell"
"1","1443","1605","2021-04-15 00:36:37.803","-11","25","Sell"
"1","1444","-1554","2021-04-15 00:36:37.806","-10","0","Sell"
"1","1445","-1603","2021-04-15 00:36:37.808","-22","0","Buy"
"1","1446","1608","2021-04-15 00:36:37.809","-10","72","Sell"
"1","1447","1609","2021-04-15 00:36:37.810","-10","62","Sell"
"1","1448","1610","2021-04-15 00:36:37.811","-12","24","Sell"
"1","1449","-1609","2021-04-15 00:36:37.814","-10","0","Sell"
"1","1450","1612","2021-04-15 00:36:37.815","-22","48","Buy"
"1","1451","-1581","2021-04-15 00:36:37.817","-10","0","Sell"
"1","1452","-1610","2021-04-15 00:36:37.819","-12","0","Sell"
"1","1453","1615","2021-04-15 00:36:37.820","-10","47","Sell"
"1","1454","1616","2021-04-15 00:36:37.821","-12","32","Sell"
"1","1455","-1612","2021-04-15 00:36:37.823","-22","0","Buy"
"1","1456","-1616","2021-04-15 00:36:37.826","-12","0","Sell"
"1","1457","-1608","2021-04-15 00:36:37.828","-10","0","Sell"
"1","1458","-1601","2021-04-15 00:36:37.830","-21","0","Buy"
"1","1459","1621","2021-04-15 00:36:37.832","-10","25","Sell"
"1","1460","-1621","2021-04-15 00:36:37.834","-10","0","Sell"
"1","1461","1625","2021-04-15 00:36:37.836","-12","26","Sell"
"1","1462","-1605","2021-04-15 00:36:37.838","-11","0","Sell"
"1","1463","1628","2021-04-15 00:36:37.840","-13","20","Sell"
"1","1464","-1598","2021-04-15 00:36:37.842","-9","0","Sell"
"1","1465","-1615","2021-04-15 00:36:37.844","-10","0","Sell"
"1","1466","1632","2021-04-15 00:36:37.845","-14","445","Buy"
"1","1467","1633","2021-04-15 00:36:37.846","0","1360","Buy"
"1","1468","1635","2021-04-15 00:36:37.849","-4","449","Sell"
"1","1469","1636","2021-04-15 00:36:37.850","-3","24","Sell"
"1","1470","1637","2021-04-15 00:36:37.851","-15","29","Buy"
"1","1471","-1636","2021-04-15 00:36:37.853","-3","0","Sell"
"1","1472","1639","2021-04-15 00:36:37.854","0","68","Buy"
"1","1473","1641","2021-04-15 00:36:37.856","-5","46","Sell"
"1","1474","1642","2021-04-15 00:36:37.858","-13","22","Buy"
"1","1475","-1642","2021-04-15 00:36:37.860","-13","0","Buy"
"1","1476","-1632","2021-04-15 00:36:37.862","-14","0","Buy"
"1","1477","1646","2021-04-15 00:36:37.865","-4","27","Sell"
"1","1478","1647","2021-04-15 00:36:37.866","-6","120","Sell"
"1","1479","1648","2021-04-15 00:36:37.868","-16","52","Buy"
"1","1480","1649","2021-04-15 00:36:37.869","-7","44","Sell"
"1","1481","-1637","2021-04-15 00:36:37.872","-15","0","Buy"
"1","1482","1651","2021-04-15 00:36:37.873","-8","33","Sell"
"1","1483","1652","2021-04-15 00:36:37.874","-17","64","Buy"
"1","1484","-1651","2021-04-15 00:36:37.876","-8","0","Sell"
"1","1485","-1652","2021-04-15 00:36:37.879","-17","0","Buy"
"1","1486","-1649","2021-04-15 00:36:37.881","-7","0","Sell"
"1","1487","-1648","2021-04-15 00:36:37.883","-16","0","Buy"
"1","1488","1657","2021-04-15 00:36:37.885","-5","23","Sell"
"1","1489","1658","2021-04-15 00:36:37.886","0","156","Buy"
"1","1490","1659","2021-04-15 00:36:37.887","-6","26","Sell"
"1","1491","1660","2021-04-15 00:36:37.888","-11","143","Buy"
"1","1492","-1659","2021-04-15 00:36:37.891","-6","0","Sell"
"1","1493","1662","2021-04-15 00:36:37.892","-4","39","Sell"
"1","1494","1663","2021-04-15 00:36:37.893","-12","24","Buy"
"1","1495","1664","2021-04-15 00:36:37.894","-12","24","Buy"
"1","1496","-1662","2021-04-15 00:36:37.896","-4","0","Sell"
"1","1497","-1663","2021-04-15 00:36:37.899","-12","0","Buy"
"1","1498","1667","2021-04-15 00:36:37.900","0","336","Buy"
"1","1499","1668","2021-04-15 00:36:37.901","-5","32","Sell"
"1","1500","1669","2021-04-15 00:36:37.903","0","103","Sell"
"1","1501","1670","2021-04-15 00:36:37.904","-10","22","Buy"
"1","1502","-1664","2021-04-15 00:36:37.907","-12","0","Buy"
"1","1503","-1660","2021-04-15 00:36:37.909","-11","0","Buy"
"1","1504","-1646","2021-04-15 00:36:37.911","-4","0","Sell"
"1","1505","1674","2021-04-15 00:36:37.912","-6","54","Sell"
"1","1506","1675","2021-04-15 00:36:37.913","-9","20","Buy"
"1","1507","1676","2021-04-15 00:36:37.914","0","253","Buy"
"1","1508","-1670","2021-04-15 00:36:37.917","-10","0","Buy"
"1","1509","1681","2021-04-15 00:36:37.919","-3","41","Sell"
"1","1510","1682","2021-04-15 00:36:37.920","0","165","Sell"
"1","1511","-1681","2021-04-15 00:36:37.923","-3","0","Sell"
"1","1512","1685","2021-04-15 00:36:37.925","-6","37","Buy"
"1","1513","1686","2021-04-15 00:36:37.926","-5","122","Buy"
"1","1514","1687","2021-04-15 00:36:37.927","-6","142","Buy"
"1","1515","1690","2021-04-15 00:36:37.929","-1","57","Sell"
"1","1516","1691","2021-04-15 00:36:37.930","-4","118","Buy"
"1","1517","1692","2021-04-15 00:36:37.932","0","27","Sell"
"1","1518","1693","2021-04-15 00:36:37.933","-5","49","Buy"
"1","1519","-1691","2021-04-15 00:36:37.935","-4","0","Buy"
"1","1520","-1693","2021-04-15 00:36:37.938","-5","0","Buy"
"1","1521","1696","2021-04-15 00:36:37.939","-4","23","Buy"
"1","1522","1697","2021-04-15 00:36:37.940","-2","28","Sell"
"1","1523","-1696","2021-04-15 00:36:37.943","-4","0","Buy"
"1","1524","1699","2021-04-15 00:36:37.944","-4","27","Buy"
"1","1525","1700","2021-04-15 00:36:37.945","0","311","Sell"
"1","1526","1701","2021-04-15 00:36:37.946","-7","26","Buy"
"1","1527","1702","2021-04-15 00:36:37.948","-7","24","Buy"
"1","1528","-1697","2021-04-15 00:36:37.950","-2","0","Sell"
"1","1529","-1687","2021-04-15 00:36:37.952","-6","0","Buy"
"1","1530","1705","2021-04-15 00:36:37.954","-2","30","Sell"
"1","1531","-1692","2021-04-15 00:36:37.956","0","0","Sell"
"1","1532","1707","2021-04-15 00:36:37.957","0","85","Sell"
"1","1533","-1705","2021-04-15 00:36:37.960","-2","0","Sell"
"1","1534","1709","2021-04-15 00:36:37.961","0","269","Buy"
"1","1535","1710","2021-04-15 00:36:37.963","-6","22","Buy"
"1","1536","-1710","2021-04-15 00:36:37.966","-6","0","Buy"
"1","1537","1717","2021-04-15 00:36:37.969","-5","20","Buy"
"1","1538","1718","2021-04-15 00:36:37.970","2","217","Sell"
"1","1539","1719","2021-04-15 00:36:37.971","-4","27","Buy"
"1","1540","-1719","2021-04-15 00:36:37.975","-4","0","Buy"
"1","1541","1722","2021-04-15 00:36:37.976","-4","39","Buy"
"1","1542","1723","2021-04-15 00:36:37.978","3","80","Sell"
"1","1543","-1717","2021-04-15 00:36:37.980","-5","0","Buy"
"1","1544","1725","2021-04-15 00:36:37.982","1","80","Sell"
"1","1545","1726","2021-04-15 00:36:37.983","0","129","Buy"
"1","1546","1728","2021-04-15 00:36:37.986","3","23","Sell"
"1","1547","-1723","2021-04-15 00:36:37.991","3","0","Sell"
"1","1548","1732","2021-04-15 00:36:37.994","3","30","Sell"
"1","1549","1733","2021-04-15 00:36:37.996","-3","29","Buy"
"1","1550","-1733","2021-04-15 00:36:37.998","-3","0","Buy"
"1","1551","-1732","2021-04-15 00:36:38.001","3","0","Sell"
"1","1552","1736","2021-04-15 00:36:38.002","-3","87","Buy"
"1","1553","1737","2021-04-15 00:36:38.004","3","459","Sell"
"1","1554","-1728","2021-04-15 00:36:38.006","3","0","Sell"
"1","1555","1739","2021-04-15 00:36:38.008","3","25","Sell"
"1","1556","1740","2021-04-15 00:36:38.009","1","67","Sell"
"1","1557","-1736","2021-04-15 00:36:38.012","-3","0","Buy"
"1","1558","1742","2021-04-15 00:36:38.013","-3","203","Buy"
"1","1559","1743","2021-04-15 00:36:38.015","-2","217","Buy"
"1","1560","1744","2021-04-15 00:36:38.016","2","75","Sell"
"1","1561","1745","2021-04-15 00:36:38.017","-3","62","Buy"
"1","1562","1746","2021-04-15 00:36:38.019","-1","42","Buy"
"1","1563","1747","2021-04-15 00:36:38.020","0","36","Sell"
"1","1564","-1745","2021-04-15 00:36:38.024","-3","0","Buy"
"1","1565","-1746","2021-04-15 00:36:38.027","-1","0","Buy"
"1","1566","1753","2021-04-15 00:36:38.028","0","52","Sell"
"1","1567","-1743","2021-04-15 00:36:38.031","-2","0","Buy"
"1","1568","1755","2021-04-15 00:36:38.032","-4","49","Buy"
"1","1569","1756","2021-04-15 00:36:38.034","3","54","Sell"
"1","1570","1757","2021-04-15 00:36:38.035","-4","24","Buy"
"1","1571","1758","2021-04-15 00:36:38.037","1","55","Sell"
"1","1572","1759","2021-04-15 00:36:38.038","-1","70","Sell"
"1","1573","-1742","2021-04-15 00:36:38.041","-3","0","Buy"
"1","1574","1761","2021-04-15 00:36:38.043","0","244","Sell"
"1","1575","1762","2021-04-15 00:36:38.044","0","57","Sell"
"1","1576","1763","2021-04-15 00:36:38.045","-2","26","Sell"
"1","1577","1764","2021-04-15 00:36:38.046","0","270","Sell"
"1","1578","1768","2021-04-15 00:36:38.049","-5","56","Buy"
"1","1579","-1763","2021-04-15 00:36:38.053","-2","0","Sell"
"1","1580","1771","2021-04-15 00:36:38.055","0","56","Buy"
"1","1581","-1768","2021-04-15 00:36:38.057","-5","0","Buy"
"1","1582","-1759","2021-04-15 00:36:38.060","-1","0","Sell"
"1","1583","1777","2021-04-15 00:36:38.063","-6","33","Buy"
"1","1584","1785","2021-04-15 00:36:38.070","-1","65","Sell"
"1","1585","1786","2021-04-15 00:36:38.072","-7","35","Buy"
"1","1586","1787","2021-04-15 00:36:38.073","-5","43","Buy"
"1","1587","1788","2021-04-15 00:36:38.074","-6","53","Buy"
"1","1588","1789","2021-04-15 00:36:38.075","0","107","Buy"
"1","1589","1790","2021-04-15 00:36:38.076","-6","56","Buy"
"1","1590","-1790","2021-04-15 00:36:38.079","-6","0","Buy"
"1","1591","1792","2021-04-15 00:36:38.080","-6","70","Buy"
"1","1592","1793","2021-04-15 00:36:38.082","1","24","Sell"
"1","1593","1794","2021-04-15 00:36:38.083","2","113","Sell"
"1","1594","-1777","2021-04-15 00:36:38.086","-6","0","Buy"
"1","1595","1797","2021-04-15 00:36:38.087","-2","48","Sell"
"1","1596","-1761","2021-04-15 00:36:38.090","0","0","Sell"
"1","1597","-1739","2021-04-15 00:36:38.094","3","0","Sell"
"1","1598","-1797","2021-04-15 00:36:38.097","-2","0","Sell"
"1","1599","1801","2021-04-15 00:36:38.098","0","114","Buy"
"1","1600","-1787","2021-04-15 00:36:38.101","-5","0","Buy"
"1","1601","1803","2021-04-15 00:36:38.103","2","41","Sell"
"1","1602","1804","2021-04-15 00:36:38.104","2","140","Sell"
"1","1603","1805","2021-04-15 00:36:38.105","0","2167","Buy"
"1","1604","1806","2021-04-15 00:36:38.107","-7","183","Buy"
"1","1605","1808","2021-04-15 00:36:38.109","-5","23","Buy"
"1","1606","1809","2021-04-15 00:36:38.110","-4","23","Buy"
"1","1607","1812","2021-04-15 00:36:38.113","-3","84","Buy"
"1","1608","1813","2021-04-15 00:36:38.114","-4","66","Buy"
"1","1609","1814","2021-04-15 00:36:38.115","4","20","Sell"
"1","1610","1815","2021-04-15 00:36:38.117","-4","54","Buy"
"1","1611","-1812","2021-04-15 00:36:38.120","-3","0","Buy"
"1","1612","1817","2021-04-15 00:36:38.121","3","25","Sell"
"1","1613","1818","2021-04-15 00:36:38.123","2","152","Sell"
"1","1614","1819","2021-04-15 00:36:38.124","-5","26","Buy"
"1","1615","1820","2021-04-15 00:36:38.126","-3","24","Buy"
"1","1616","1821","2021-04-15 00:36:38.127","-4","30","Buy"
"1","1617","-1817","2021-04-15 00:36:38.131","3","0","Sell"
"1","1618","1823","2021-04-15 00:36:38.133","-4","33","Buy"
"1","1619","-1814","2021-04-15 00:36:38.137","4","0","Sell"
"1","1620","-1820","2021-04-15 00:36:38.141","-3","0","Buy"
"1","1621","1827","2021-04-15 00:36:38.144","1","49","Sell"
"1","1622","-1792","2021-04-15 00:36:38.147","-6","0","Buy"
"1","1623","1829","2021-04-15 00:36:38.148","-3","21","Buy"
"1","1624","1830","2021-04-15 00:36:38.149","-4","25","Buy"
"1","1625","-1813","2021-04-15 00:36:38.153","-4","0","Buy"
"1","1626","-1818","2021-04-15 00:36:38.156","2","0","Sell"
"1","1627","-1827","2021-04-15 00:36:38.159","1","0","Sell"
"1","1628","1834","2021-04-15 00:36:38.160","5","38","Sell"
"1","1629","1835","2021-04-15 00:36:38.162","-2","27","Buy"
"1","1630","1836","2021-04-15 00:36:38.163","-3","31","Buy"
"1","1631","1837","2021-04-15 00:36:38.165","-3","27","Buy"
"1","1632","1838","2021-04-15 00:36:38.166","6","25","Sell"
"1","1633","-1834","2021-04-15 00:36:38.170","5","0","Sell"
"1","1634","1840","2021-04-15 00:36:38.171","-3","42","Buy"
"1","1635","1841","2021-04-15 00:36:38.173","7","299","Sell"
"1","1636","1842","2021-04-15 00:36:38.174","7","55","Sell"
"1","1637","-1838","2021-04-15 00:36:38.177","6","0","Sell"
"1","1638","1844","2021-04-15 00:36:38.179","6","55","Sell"
"1","1639","-1844","2021-04-15 00:36:38.182","6","0","Sell"
"1","1640","1846","2021-04-15 00:36:38.183","-1","29","Buy"
"1","1641","1847","2021-04-15 00:36:38.185","8","61","Sell"
"1","1642","1848","2021-04-15 00:36:38.186","-2","38","Buy"
"1","1643","-1842","2021-04-15 00:36:38.190","7","0","Sell"
"1","1644","-1809","2021-04-15 00:36:38.193","-4","0","Buy"
"1","1645","1851","2021-04-15 00:36:38.195","0","48","Buy"
"1","1646","1852","2021-04-15 00:36:38.196","-2","56","Buy"
"1","1647","1854","2021-04-15 00:36:38.198","1","69","Buy"
"1","1648","-1854","2021-04-15 00:36:38.201","1","0","Buy"
"1","1649","1856","2021-04-15 00:36:38.203","3","262","Buy"
"1","1650","1857","2021-04-15 00:36:38.204","0","102","Buy"
"1","1651","1858","2021-04-15 00:36:38.206","6","31","Sell"
"1","1652","1859","2021-04-15 00:36:38.207","4","815","Buy"
"1","1653","1860","2021-04-15 00:36:38.209","0","70","Buy"
"1","1654","-1859","2021-04-15 00:36:38.212","4","0","Buy"
"1","1655","-1841","2021-04-15 00:36:38.215","7","0","Sell"
"1","1656","1863","2021-04-15 00:36:38.217","4","289","Buy"
"1","1657","1865","2021-04-15 00:36:38.220","5","152","Buy"
"1","1658","-1865","2021-04-15 00:36:38.228","5","0","Buy"
"1","1659","1868","2021-04-15 00:36:38.229","7","70","Sell"
"1","1660","-1868","2021-04-15 00:36:38.234","7","0","Sell"
"1","1661","1870","2021-04-15 00:36:38.235","7","23","Sell"
"1","1662","1871","2021-04-15 00:36:38.237","5","23","Buy"
"1","1663","1872","2021-04-15 00:36:38.238","0","84","Buy"
"1","1664","1874","2021-04-15 00:36:38.240","6","26","Buy"
"1","1665","-1848","2021-04-15 00:36:38.245","-2","0","Buy"
"1","1666","1876","2021-04-15 00:36:38.246","7","66","Buy"
"1","1667","1877","2021-04-15 00:36:38.248","10","58","Sell"
"1","1668","1878","2021-04-15 00:36:38.249","0","60","Buy"
"1","1669","1880","2021-04-15 00:36:38.251","12","268","Sell"
"1","1670","1881","2021-04-15 00:36:38.252","0","86","Sell"
