"SecurityId","OrderId","ClientOrderId","DateTime","Price","Volume","Side"
"1","1","1","2021-04-15 02:06:49.537","1000","87","Sell"
"1","2","3","2021-04-15 02:07:11.037","1001","103","Sell"
"1","3","4","2021-04-15 02:07:19.441","1001","77","Sell"
"1","4","-1","2021-04-15 02:07:21.291","1000","0","Sell"
"1","5","7","2021-04-15 02:07:22.717","1000","27","Sell"
"1","6","8","2021-04-15 02:07:23.807","999","46","Sell"
"1","7","-8","2021-04-15 02:07:23.982","999","0","Sell"
"1","8","-3","2021-04-15 02:07:24.037","1001","0","Sell"
"1","9","11","2021-04-15 02:07:29.938","0","120","Buy"
"1","10","13","2021-04-15 02:07:30.385","1004","28","Sell"
"1","11","15","2021-04-15 02:07:32.485","998","86","Buy"
"1","12","-13","2021-04-15 02:07:33.743","1004","0","Sell"
"1","13","17","2021-04-15 02:07:34.426","999","21","Buy"
"1","14","18","2021-04-15 02:07:34.773","1000","35","Sell"
"1","15","19","2021-04-15 02:07:35.183","1001","221","Sell"
"1","16","20","2021-04-15 02:07:35.522","1000","28","Buy"
"1","17","-17","2021-04-15 02:07:35.533","999","0","Buy"
"1","18","22","2021-04-15 02:07:35.602","997","34","Buy"
"1","19","23","2021-04-15 02:07:36.002","999","85","Buy"
"1","20","24","2021-04-15 02:07:36.386","1001","25","Sell"
"1","21","25","2021-04-15 02:07:36.932","998","131","Buy"
"1","22","26","2021-04-15 02:07:37.958","1000","35","Buy"
"1","23","27","2021-04-15 02:07:37.981","999","28","Buy"
"1","24","29","2021-04-15 02:07:38.460","999","139","Buy"
"1","25","30","2021-04-15 02:07:40.044","1000","36","Sell"
"1","26","31","2021-04-15 02:07:41.695","998","66","Buy"
"1","27","-30","2021-04-15 02:07:42.907","1000","0","Sell"
"1","28","33","2021-04-15 02:07:43.917","1002","130","Sell"
"1","29","34","2021-04-15 02:07:45.424","1000","241","Sell"
"1","30","-19","2021-04-15 02:07:45.983","1001","0","Sell"
"1","31","-22","2021-04-15 02:07:46.019","997","0","Buy"
"1","32","37","2021-04-15 02:07:46.290","999","100","Sell"
"1","33","-34","2021-04-15 02:07:46.551","1000","0","Sell"
"1","34","39","2021-04-15 02:07:47.356","0","165","Sell"
"1","35","40","2021-04-15 02:07:47.424","1000","40","Sell"
"1","36","-24","2021-04-15 02:07:48.046","1001","0","Sell"
"1","37","42","2021-04-15 02:07:48.476","0","72","Buy"
"1","38","-33","2021-04-15 02:07:50.495","1002","0","Sell"
"1","39","44","2021-04-15 02:07:51.523","0","80","Sell"
"1","40","45","2021-04-15 02:07:54.485","1005","45","Sell"
"1","41","46","2021-04-15 02:07:54.995","997","23","Buy"
"1","42","-46","2021-04-15 02:07:55.797","997","0","Buy"
"1","43","48","2021-04-15 02:07:57.334","1006","182","Sell"
"1","44","49","2021-04-15 02:07:57.707","1006","55","Sell"
"1","45","50","2021-04-15 02:07:58.020","1004","36","Sell"
"1","46","51","2021-04-15 02:07:58.044","1005","39","Sell"
"1","47","52","2021-04-15 02:07:58.047","1003","63","Sell"
"1","48","53","2021-04-15 02:07:58.144","999","82","Buy"
"1","49","-45","2021-04-15 02:07:59.591","1005","0","Sell"
"1","50","55","2021-04-15 02:08:00.154","1000","38","Buy"
"1","51","56","2021-04-15 02:08:00.761","0","230","Sell"
"1","52","-25","2021-04-15 02:08:02.012","998","0","Buy"
"1","53","-49","2021-04-15 02:08:05.510","1006","0","Sell"
"1","54","59","2021-04-15 02:08:06.053","0","50","Buy"
"1","55","60","2021-04-15 02:08:07.062","999","416","Buy"
"1","56","-52","2021-04-15 02:08:07.066","1003","0","Sell"
"1","57","-60","2021-04-15 02:08:07.165","999","0","Buy"
"1","58","63","2021-04-15 02:08:08.398","1003","135","Sell"
"1","59","64","2021-04-15 02:08:09.388","1002","41","Sell"
"1","60","65","2021-04-15 02:08:12.062","1003","35","Sell"
"1","61","66","2021-04-15 02:08:12.663","1001","73","Sell"
"1","62","67","2021-04-15 02:08:14.842","1000","20","Sell"
"1","63","68","2021-04-15 02:08:20.706","997","46","Buy"
"1","64","69","2021-04-15 02:08:22.821","997","36","Buy"
"1","65","70","2021-04-15 02:08:25.720","997","39","Buy"
"1","66","71","2021-04-15 02:08:25.835","1001","303","Sell"
"1","67","72","2021-04-15 02:08:25.924","1001","22","Sell"
"1","68","73","2021-04-15 02:08:26.134","1001","73","Sell"
"1","69","-68","2021-04-15 02:08:26.898","997","0","Buy"
"1","70","75","2021-04-15 02:08:27.222","999","48","Sell"
"1","71","-67","2021-04-15 02:08:27.227","1000","0","Sell"
"1","72","77","2021-04-15 02:08:29.282","999","21","Buy"
"1","73","78","2021-04-15 02:08:49.751","999","32","Buy"
"1","74","79","2021-04-15 02:08:52.022","1002","22","Sell"
"1","75","80","2021-04-15 02:08:55.790","1002","22","Sell"
"1","76","-80","2021-04-15 02:09:00.154","1002","0","Sell"
"1","77","-78","2021-04-15 02:09:00.824","999","0","Buy"
"1","78","83","2021-04-15 02:09:03.011","999","31","Buy"
"1","79","84","2021-04-15 02:09:03.376","1002","32","Sell"
"1","80","85","2021-04-15 02:09:05.197","998","285","Buy"
"1","81","-31","2021-04-15 02:09:07.639","998","0","Buy"
"1","82","-83","2021-04-15 02:09:07.702","999","0","Buy"
"1","83","-71","2021-04-15 02:09:08.576","1001","0","Sell"
"1","84","89","2021-04-15 02:09:08.584","1000","30","Sell"
"1","85","90","2021-04-15 02:09:08.621","997","43","Buy"
"1","86","91","2021-04-15 02:09:08.975","1001","357","Sell"
"1","87","92","2021-04-15 02:09:08.989","1001","25","Sell"
"1","88","-65","2021-04-15 02:09:09.362","1003","0","Sell"
"1","89","-91","2021-04-15 02:09:09.834","1001","0","Sell"
"1","90","95","2021-04-15 02:09:10.490","999","23","Buy"
"1","91","96","2021-04-15 02:09:11.656","0","118","Sell"
"1","92","-69","2021-04-15 02:09:12.106","997","0","Buy"
"1","93","98","2021-04-15 02:09:13.252","999","32","Buy"
"1","94","99","2021-04-15 02:09:13.826","1001","202","Sell"
"1","95","-63","2021-04-15 02:09:14.050","1003","0","Sell"
"1","96","-51","2021-04-15 02:09:14.537","1005","0","Sell"
"1","97","-48","2021-04-15 02:09:14.615","1006","0","Sell"
"1","98","103","2021-04-15 02:09:14.801","1001","39","Sell"
"1","99","-50","2021-04-15 02:09:16.173","1004","0","Sell"
"1","100","105","2021-04-15 02:09:18.548","1000","42","Buy"
"1","101","106","2021-04-15 02:09:18.694","0","76","Sell"
"1","102","107","2021-04-15 02:09:19.650","999","156","Buy"
"1","103","-70","2021-04-15 02:09:19.996","997","0","Buy"
"1","104","109","2021-04-15 02:09:21.031","0","106","Buy"
"1","105","110","2021-04-15 02:09:21.669","1000","21","Buy"
"1","106","111","2021-04-15 02:09:27.532","1002","47","Sell"
"1","107","112","2021-04-15 02:09:32.337","1001","21","Buy"
"1","108","-73","2021-04-15 02:09:35.516","1001","0","Sell"
"1","109","114","2021-04-15 02:09:35.572","1001","22","Buy"
"1","110","115","2021-04-15 02:09:36.958","999","42","Buy"
"1","111","116","2021-04-15 02:09:37.151","1000","168","Sell"
"1","112","-64","2021-04-15 02:09:38.337","1002","0","Sell"
"1","113","118","2021-04-15 02:09:40.010","999","31","Sell"
"1","114","119","2021-04-15 02:09:57.017","999","230","Sell"
"1","115","-90","2021-04-15 02:10:12.476","997","0","Buy"
"1","116","121","2021-04-15 02:10:16.078","999","228","Buy"
"1","117","122","2021-04-15 02:10:17.101","0","62","Buy"
"1","118","-79","2021-04-15 02:10:22.505","1002","0","Sell"
"1","119","124","2021-04-15 02:10:22.593","998","22","Buy"
"1","120","-121","2021-04-15 02:10:23.031","999","0","Buy"
"1","121","126","2021-04-15 02:10:23.545","999","29","Buy"
"1","122","127","2021-04-15 02:10:23.888","1001","71","Sell"
"1","123","128","2021-04-15 02:10:24.072","999","53","Sell"
"1","124","129","2021-04-15 02:10:25.073","999","153","Buy"
"1","125","-116","2021-04-15 02:10:25.509","1000","0","Sell"
"1","126","131","2021-04-15 02:10:25.660","1002","24","Sell"
"1","127","132","2021-04-15 02:10:26.508","1002","21","Sell"
"1","128","-129","2021-04-15 02:10:31.531","999","0","Buy"
"1","129","134","2021-04-15 02:10:31.767","997","749","Buy"
"1","130","135","2021-04-15 02:10:33.788","1000","34","Sell"
"1","131","-124","2021-04-15 02:10:33.874","998","0","Buy"
"1","132","137","2021-04-15 02:10:33.961","999","61","Sell"
"1","133","138","2021-04-15 02:10:35.289","998","43","Sell"
"1","134","-134","2021-04-15 02:10:35.442","997","0","Buy"
"1","135","140","2021-04-15 02:10:36.398","0","385","Sell"
"1","136","141","2021-04-15 02:10:37.009","990","44","Buy"
"1","137","142","2021-04-15 02:10:37.499","998","21","Sell"
"1","138","-137","2021-04-15 02:10:38.571","999","0","Sell"
"1","139","-142","2021-04-15 02:10:39.459","998","0","Sell"
"1","140","145","2021-04-15 02:10:40.576","989","43","Buy"
"1","141","146","2021-04-15 02:10:41.895","989","21","Buy"
"1","142","-103","2021-04-15 02:10:43.966","1001","0","Sell"
"1","143","-146","2021-04-15 02:10:44.127","989","0","Buy"
"1","144","149","2021-04-15 02:10:44.295","0","53","Sell"
"1","145","151","2021-04-15 02:10:46.704","1001","56","Sell"
"1","146","-145","2021-04-15 02:10:46.943","989","0","Buy"
"1","147","153","2021-04-15 02:10:47.191","0","168","Buy"
"1","148","154","2021-04-15 02:10:47.813","1002","125","Sell"
"1","149","155","2021-04-15 02:10:49.678","996","37","Buy"
"1","150","156","2021-04-15 02:10:51.212","995","80","Buy"
"1","151","157","2021-04-15 02:10:55.456","1000","65","Sell"
"1","152","158","2021-04-15 02:10:55.525","999","26","Sell"
"1","153","159","2021-04-15 02:11:01.339","0","69","Sell"
"1","154","-156","2021-04-15 02:11:02.336","995","0","Buy"
"1","155","161","2021-04-15 02:11:05.086","994","31","Buy"
"1","156","162","2021-04-15 02:11:09.892","0","57","Sell"
"1","157","163","2021-04-15 02:11:11.164","992","275","Buy"
"1","158","164","2021-04-15 02:11:17.118","1000","22","Sell"
"1","159","165","2021-04-15 02:11:19.195","991","53","Buy"
"1","160","166","2021-04-15 02:11:19.730","993","1105","Buy"
"1","161","167","2021-04-15 02:11:19.917","0","148","Buy"
"1","162","168","2021-04-15 02:11:21.119","1000","93","Sell"
"1","163","169","2021-04-15 02:11:22.849","1001","72","Sell"
"1","164","170","2021-04-15 02:11:27.227","1001","39","Sell"
"1","165","171","2021-04-15 02:11:31.423","999","23","Sell"
"1","166","172","2021-04-15 02:11:32.415","0","359","Sell"
"1","167","-151","2021-04-15 02:11:32.729","1001","0","Sell"
"1","168","174","2021-04-15 02:11:33.373","992","34","Buy"
"1","169","175","2021-04-15 02:11:34.592","994","23","Buy"
"1","170","-111","2021-04-15 02:11:38.622","1002","0","Sell"
"1","171","177","2021-04-15 02:11:41.032","995","84","Buy"
"1","172","178","2021-04-15 02:11:43.171","994","27","Buy"
"1","173","179","2021-04-15 02:11:46.859","1000","929","Sell"
"1","174","-170","2021-04-15 02:11:48.920","1001","0","Sell"
"1","175","-175","2021-04-15 02:11:51.819","994","0","Buy"
"1","176","182","2021-04-15 02:11:52.918","996","20","Buy"
"1","177","-171","2021-04-15 02:11:52.950","999","0","Sell"
"1","178","-166","2021-04-15 02:11:56.011","993","0","Buy"
"1","179","-182","2021-04-15 02:11:56.375","996","0","Buy"
"1","180","186","2021-04-15 02:12:15.802","994","82","Buy"
"1","181","187","2021-04-15 02:12:18.551","999","30","Sell"
"1","182","188","2021-04-15 02:12:18.884","996","85","Buy"
"1","183","-168","2021-04-15 02:12:46.850","1000","0","Sell"
"1","184","190","2021-04-15 02:12:52.877","998","46","Sell"
"1","185","-190","2021-04-15 02:12:53.429","998","0","Sell"
"1","186","192","2021-04-15 02:12:54.723","997","20","Buy"
"1","187","193","2021-04-15 02:12:55.004","998","150","Sell"
"1","188","-193","2021-04-15 02:12:55.789","998","0","Sell"
"1","189","195","2021-04-15 02:12:56.112","998","123","Buy"
"1","190","-195","2021-04-15 02:12:56.442","998","0","Buy"
"1","191","197","2021-04-15 02:12:56.803","0","59","Buy"
"1","192","198","2021-04-15 02:12:57.028","998","44","Buy"
"1","193","199","2021-04-15 02:12:57.413","999","54","Sell"
"1","194","200","2021-04-15 02:12:58.107","0","387","Buy"
"1","195","201","2021-04-15 02:12:58.728","997","82","Buy"
"1","196","202","2021-04-15 02:13:02.584","0","213","Buy"
"1","197","-188","2021-04-15 02:13:03.106","996","0","Buy"
"1","198","-127","2021-04-15 02:13:05.836","1001","0","Sell"
"1","199","205","2021-04-15 02:13:06.721","0","100","Sell"
"1","200","206","2021-04-15 02:13:06.765","999","54","Sell"
"1","201","207","2021-04-15 02:13:09.780","0","56","Sell"
"1","202","208","2021-04-15 02:13:10.128","994","57","Buy"
"1","203","209","2021-04-15 02:13:10.229","994","22","Buy"
"1","204","-206","2021-04-15 02:13:10.714","999","0","Sell"
"1","205","211","2021-04-15 02:13:11.338","994","26","Buy"
"1","206","-177","2021-04-15 02:13:12.296","995","0","Buy"
"1","207","-179","2021-04-15 02:13:12.862","1000","0","Sell"
"1","208","-154","2021-04-15 02:13:14.758","1002","0","Sell"
"1","209","215","2021-04-15 02:13:14.901","0","65","Sell"
"1","210","-165","2021-04-15 02:13:15.037","991","0","Buy"
"1","211","217","2021-04-15 02:13:15.580","993","57","Buy"
"1","212","218","2021-04-15 02:13:15.700","995","30","Buy"
"1","213","219","2021-04-15 02:13:17.220","994","23","Buy"
"1","214","220","2021-04-15 02:13:18.709","994","27","Buy"
"1","215","221","2021-04-15 02:13:18.857","0","175","Buy"
"1","216","222","2021-04-15 02:13:21.705","1003","398","Sell"
"1","217","223","2021-04-15 02:13:24.785","996","23","Buy"
"1","218","224","2021-04-15 02:13:24.850","1003","220","Sell"
"1","219","-224","2021-04-15 02:13:25.721","1003","0","Sell"
"1","220","-222","2021-04-15 02:13:27.921","1003","0","Sell"
"1","221","227","2021-04-15 02:13:29.629","997","165","Buy"
"1","222","228","2021-04-15 02:13:29.932","1001","53","Sell"
"1","223","-227","2021-04-15 02:13:30.148","997","0","Buy"
"1","224","-132","2021-04-15 02:13:31.165","1002","0","Sell"
"1","225","-209","2021-04-15 02:13:31.753","994","0","Buy"
"1","226","-220","2021-04-15 02:13:32.784","994","0","Buy"
"1","227","-217","2021-04-15 02:13:36.837","993","0","Buy"
"1","228","235","2021-04-15 02:13:38.509","1002","33","Sell"
"1","229","-228","2021-04-15 02:13:39.371","1001","0","Sell"
"1","230","237","2021-04-15 02:13:39.665","1001","1954","Sell"
"1","231","-174","2021-04-15 02:13:39.974","992","0","Buy"
"1","232","-208","2021-04-15 02:13:40.186","994","0","Buy"
"1","233","-237","2021-04-15 02:13:41.455","1001","0","Sell"
"1","234","-219","2021-04-15 02:13:41.664","994","0","Buy"
"1","235","-218","2021-04-15 02:13:44.388","995","0","Buy"
"1","236","247","2021-04-15 02:13:45.274","997","96","Buy"
"1","237","248","2021-04-15 02:13:45.413","1001","32","Sell"
"1","238","249","2021-04-15 02:13:45.965","998","85","Buy"
"1","239","250","2021-04-15 02:13:48.426","1002","22","Sell"
"1","240","251","2021-04-15 02:13:49.110","999","51","Buy"
"1","241","252","2021-04-15 02:13:49.552","1000","34","Buy"
"1","242","253","2021-04-15 02:13:50.300","1001","43","Buy"
"1","243","254","2021-04-15 02:13:52.337","1002","27","Buy"
"1","244","255","2021-04-15 02:13:52.659","1001","30","Sell"
"1","245","256","2021-04-15 02:13:53.475","0","1787","Buy"
"1","246","257","2021-04-15 02:13:54.301","999","68","Buy"
"1","247","258","2021-04-15 02:13:54.314","1008","28","Sell"
"1","248","259","2021-04-15 02:14:08.167","0","70","Sell"
"1","249","260","2021-04-15 02:14:09.653","1007","47","Sell"
"1","250","261","2021-04-15 02:14:12.066","998","22","Buy"
"1","251","262","2021-04-15 02:14:12.182","1006","33","Sell"
"1","252","263","2021-04-15 02:14:13.226","1005","118","Sell"
"1","253","264","2021-04-15 02:14:13.730","1004","135","Sell"
"1","254","265","2021-04-15 02:14:15.010","1000","57","Buy"
"1","255","-265","2021-04-15 02:14:15.064","1000","0","Buy"
"1","256","-263","2021-04-15 02:14:15.630","1005","0","Sell"
"1","257","268","2021-04-15 02:14:15.992","1005","177","Sell"
"1","258","269","2021-04-15 02:14:16.238","0","199","Sell"
"1","259","270","2021-04-15 02:14:16.665","998","31","Buy"
"1","260","271","2021-04-15 02:14:18.714","1003","58","Sell"
"1","261","272","2021-04-15 02:14:19.146","999","27","Buy"
"1","262","273","2021-04-15 02:14:19.504","1002","75","Sell"
"1","263","-273","2021-04-15 02:14:20.595","1002","0","Sell"
"1","264","-272","2021-04-15 02:14:21.090","999","0","Buy"
"1","265","276","2021-04-15 02:14:23.965","997","43","Buy"
"1","266","277","2021-04-15 02:14:28.465","0","51","Buy"
"1","267","278","2021-04-15 02:14:37.020","0","127","Sell"
"1","268","-163","2021-04-15 02:14:37.681","992","0","Buy"
"1","269","280","2021-04-15 02:14:46.205","1002","173","Sell"
"1","270","-186","2021-04-15 02:14:47.289","994","0","Buy"
"1","271","282","2021-04-15 02:14:47.964","0","71","Buy"
"1","272","283","2021-04-15 02:14:50.665","1003","44","Sell"
"1","273","-262","2021-04-15 02:14:54.813","1006","0","Sell"
"1","274","285","2021-04-15 02:14:57.136","998","83","Buy"
"1","275","286","2021-04-15 02:14:58.979","1001","52","Sell"
"1","276","287","2021-04-15 02:14:59.686","1000","484","Sell"
"1","277","288","2021-04-15 02:15:00.374","999","60","Buy"
"1","278","289","2021-04-15 02:15:01.753","998","152","Buy"
"1","279","-260","2021-04-15 02:15:02.059","1007","0","Sell"
"1","280","-287","2021-04-15 02:15:03.431","1000","0","Sell"
"1","281","292","2021-04-15 02:15:03.765","1000","57","Buy"
"1","282","-268","2021-04-15 02:15:03.907","1005","0","Sell"
"1","283","294","2021-04-15 02:15:09.340","1002","586","Sell"
"1","284","-223","2021-04-15 02:15:14.116","996","0","Buy"
"1","285","296","2021-04-15 02:15:17.132","1000","25","Sell"
"1","286","297","2021-04-15 02:15:18.333","1001","28","Buy"
"1","287","298","2021-04-15 02:15:27.240","0","152","Buy"
"1","288","-294","2021-04-15 02:15:29.233","1002","0","Sell"
"1","289","300","2021-04-15 02:15:30.556","1002","85","Sell"
"1","290","301","2021-04-15 02:15:34.658","1003","84","Sell"
"1","291","302","2021-04-15 02:15:35.188","1001","28","Buy"
"1","292","303","2021-04-15 02:15:35.516","0","60","Sell"
"1","293","304","2021-04-15 02:15:38.054","1000","49","Buy"
"1","294","-285","2021-04-15 02:15:39.804","998","0","Buy"
"1","295","306","2021-04-15 02:15:40.109","1003","31","Sell"
"1","296","-300","2021-04-15 02:15:41.547","1002","0","Sell"
"1","297","-288","2021-04-15 02:15:43.849","999","0","Buy"
"1","298","309","2021-04-15 02:15:44.083","1004","38","Sell"
"1","299","310","2021-04-15 02:15:44.933","1001","23","Buy"
"1","300","311","2021-04-15 02:15:45.406","1004","48","Sell"
"1","301","312","2021-04-15 02:15:46.204","1004","102","Sell"
"1","302","313","2021-04-15 02:15:46.573","0","53","Buy"
"1","303","314","2021-04-15 02:15:46.728","1002","25","Sell"
"1","304","-211","2021-04-15 02:15:47.896","994","0","Buy"
"1","305","316","2021-04-15 02:15:49.271","1003","42","Sell"
"1","306","-314","2021-04-15 02:15:49.858","1002","0","Sell"
"1","307","318","2021-04-15 02:15:51.190","1004","53","Sell"
"1","308","-309","2021-04-15 02:15:52.177","1004","0","Sell"
"1","309","-310","2021-04-15 02:15:54.532","1001","0","Buy"
"1","310","321","2021-04-15 02:15:54.935","1004","29","Sell"
"1","311","322","2021-04-15 02:15:56.214","1001","22","Buy"
"1","312","-276","2021-04-15 02:15:58.375","997","0","Buy"
"1","313","-306","2021-04-15 02:15:58.814","1003","0","Sell"
"1","314","-264","2021-04-15 02:15:59.339","1004","0","Sell"
"1","315","326","2021-04-15 02:16:00.036","1000","20","Buy"
"1","316","-322","2021-04-15 02:16:01.448","1001","0","Buy"
"1","317","328","2021-04-15 02:16:02.617","1004","232","Sell"
"1","318","329","2021-04-15 02:16:02.916","999","45","Buy"
"1","319","330","2021-04-15 02:16:03.187","0","174","Buy"
"1","320","-318","2021-04-15 02:16:09.663","1004","0","Sell"
"1","321","332","2021-04-15 02:16:11.968","1001","46","Buy"
"1","322","333","2021-04-15 02:16:12.405","1003","27","Sell"
"1","323","-332","2021-04-15 02:16:12.749","1001","0","Buy"
"1","324","-326","2021-04-15 02:16:15.261","1000","0","Buy"
"1","325","336","2021-04-15 02:16:18.219","1001","34","Buy"
"1","326","337","2021-04-15 02:16:20.742","0","68","Sell"
"1","327","338","2021-04-15 02:16:20.835","1004","67","Sell"
"1","328","339","2021-04-15 02:16:21.584","1004","1390","Sell"
"1","329","-289","2021-04-15 02:16:22.878","998","0","Buy"
"1","330","341","2021-04-15 02:16:23.479","1001","84","Buy"
"1","331","342","2021-04-15 02:16:24.030","0","114","Sell"
"1","332","343","2021-04-15 02:16:24.485","998","95","Buy"
"1","333","344","2021-04-15 02:16:26.048","1004","25","Sell"
"1","334","-329","2021-04-15 02:16:27.092","999","0","Buy"
"1","335","346","2021-04-15 02:16:28.719","999","38","Buy"
"1","336","-343","2021-04-15 02:16:29.048","998","0","Buy"
"1","337","348","2021-04-15 02:16:30.478","998","21","Buy"
"1","338","349","2021-04-15 02:16:30.679","0","81","Buy"
"1","339","-348","2021-04-15 02:16:30.807","998","0","Buy"
"1","340","351","2021-04-15 02:16:31.018","1000","53","Buy"
"1","341","-344","2021-04-15 02:16:31.582","1004","0","Sell"
"1","342","353","2021-04-15 02:16:32.697","1003","1061","Sell"
"1","343","354","2021-04-15 02:16:33.082","999","60","Buy"
"1","344","355","2021-04-15 02:16:35.050","1001","26","Buy"
"1","345","356","2021-04-15 02:16:35.568","1002","111","Buy"
"1","346","-354","2021-04-15 02:16:35.859","999","0","Buy"
"1","347","358","2021-04-15 02:16:35.944","0","94","Buy"
"1","348","359","2021-04-15 02:16:36.016","1003","40","Buy"
"1","349","360","2021-04-15 02:16:36.078","1002","37","Sell"
"1","350","361","2021-04-15 02:16:36.281","1001","21","Buy"
"1","351","-355","2021-04-15 02:16:37.968","1001","0","Buy"
"1","352","363","2021-04-15 02:16:38.020","1003","22","Buy"
"1","353","364","2021-04-15 02:16:38.712","1002","1995","Sell"
"1","354","365","2021-04-15 02:16:38.886","1002","26","Buy"
"1","355","-353","2021-04-15 02:16:39.984","1003","0","Sell"
"1","356","367","2021-04-15 02:16:40.790","0","81","Buy"
"1","357","368","2021-04-15 02:16:41.916","1001","33","Sell"
"1","358","-368","2021-04-15 02:16:42.554","1001","0","Sell"
"1","359","370","2021-04-15 02:16:42.702","0","158","Buy"
"1","360","371","2021-04-15 02:16:43.156","1001","48","Buy"
"1","361","372","2021-04-15 02:16:43.200","1003","34","Sell"
"1","362","373","2021-04-15 02:16:43.299","1003","13479","Sell"
"1","363","374","2021-04-15 02:16:43.310","1003","25","Sell"
"1","364","-364","2021-04-15 02:16:43.318","1002","0","Sell"
"1","365","-351","2021-04-15 02:16:43.602","1000","0","Buy"
"1","366","377","2021-04-15 02:16:43.746","0","1530","Sell"
"1","367","378","2021-04-15 02:16:44.241","998","26","Buy"
"1","368","379","2021-04-15 02:16:45.421","0","54","Buy"
"1","369","-312","2021-04-15 02:16:45.435","1004","0","Sell"
"1","370","381","2021-04-15 02:16:46.156","997","29","Buy"
"1","371","382","2021-04-15 02:16:46.220","999","22","Buy"
"1","372","383","2021-04-15 02:16:46.222","1000","33","Buy"
"1","373","384","2021-04-15 02:16:48.200","1004","31","Sell"
"1","374","-378","2021-04-15 02:16:48.690","998","0","Buy"
"1","375","386","2021-04-15 02:16:48.869","1001","1878","Buy"
"1","376","-373","2021-04-15 02:16:48.956","1003","0","Sell"
"1","377","-328","2021-04-15 02:16:49.197","1004","0","Sell"
"1","378","-374","2021-04-15 02:16:49.216","1003","0","Sell"
"1","379","-386","2021-04-15 02:16:49.463","1001","0","Buy"
"1","380","391","2021-04-15 02:16:50.543","1001","294","Buy"
"1","381","-391","2021-04-15 02:16:52.179","1001","0","Buy"
"1","382","-338","2021-04-15 02:16:52.272","1004","0","Sell"
"1","383","394","2021-04-15 02:16:52.549","999","31","Buy"
"1","384","-258","2021-04-15 02:16:53.303","1008","0","Sell"
"1","385","396","2021-04-15 02:16:54.056","999","1320","Buy"
"1","386","397","2021-04-15 02:16:55.468","1005","272","Sell"
"1","387","-339","2021-04-15 02:16:55.778","1004","0","Sell"
"1","388","399","2021-04-15 02:16:56.259","1001","22","Buy"
"1","389","-397","2021-04-15 02:16:56.542","1005","0","Sell"
"1","390","401","2021-04-15 02:16:56.640","1005","22","Sell"
"1","391","402","2021-04-15 02:16:57.091","1003","45","Sell"
"1","392","403","2021-04-15 02:16:57.648","1000","135","Buy"
"1","393","-321","2021-04-15 02:16:58.176","1004","0","Sell"
"1","394","405","2021-04-15 02:16:58.850","1002","49","Sell"
"1","395","406","2021-04-15 02:16:58.852","1001","38","Sell"
"1","396","-396","2021-04-15 02:17:01.088","999","0","Buy"
"1","397","408","2021-04-15 02:17:01.771","1002","20","Sell"
"1","398","-394","2021-04-15 02:17:03.408","999","0","Buy"
"1","399","410","2021-04-15 02:17:03.486","999","31","Buy"
"1","400","411","2021-04-15 02:17:03.616","1000","47","Sell"
"1","401","-402","2021-04-15 02:17:06.497","1003","0","Sell"
"1","402","-403","2021-04-15 02:17:07.307","1000","0","Buy"
"1","403","414","2021-04-15 02:17:07.840","998","24","Buy"
"1","404","-406","2021-04-15 02:17:08.400","1001","0","Sell"
"1","405","416","2021-04-15 02:17:08.401","1003","168","Sell"
"1","406","417","2021-04-15 02:17:15.474","1003","107","Sell"
"1","407","-384","2021-04-15 02:17:16.192","1004","0","Sell"
"1","408","-408","2021-04-15 02:17:16.606","1002","0","Sell"
"1","409","420","2021-04-15 02:17:16.907","1000","25","Buy"
"1","410","421","2021-04-15 02:17:17.340","999","35","Buy"
"1","411","-420","2021-04-15 02:17:17.950","1000","0","Buy"
"1","412","-405","2021-04-15 02:17:18.406","1002","0","Sell"
"1","413","424","2021-04-15 02:17:18.854","0","77","Sell"
"1","414","-401","2021-04-15 02:17:19.488","1005","0","Sell"
"1","415","426","2021-04-15 02:17:19.812","1004","22","Sell"
"1","416","427","2021-04-15 02:17:21.536","1002","23","Sell"
"1","417","428","2021-04-15 02:17:23.636","1000","29","Buy"
"1","418","429","2021-04-15 02:17:24.969","1001","23","Buy"
"1","419","430","2021-04-15 02:17:25.774","1002","35","Buy"
"1","420","-426","2021-04-15 02:17:31.350","1004","0","Sell"
"1","421","-430","2021-04-15 02:17:33.752","1002","0","Buy"
"1","422","-429","2021-04-15 02:17:34.665","1001","0","Buy"
"1","423","434","2021-04-15 02:17:36.345","0","55","Sell"
"1","424","435","2021-04-15 02:17:36.817","0","66","Buy"
"1","425","-417","2021-04-15 02:17:37.037","1003","0","Sell"
"1","426","439","2021-04-15 02:17:40.789","999","41","Buy"
"1","427","440","2021-04-15 02:17:41.839","998","32","Buy"
"1","428","441","2021-04-15 02:17:44.490","1002","179","Sell"
"1","429","442","2021-04-15 02:17:44.822","1000","44","Buy"
"1","430","443","2021-04-15 02:18:04.328","1001","1121","Sell"
"1","431","-443","2021-04-15 02:18:05.305","1001","0","Sell"
"1","432","445","2021-04-15 02:18:09.358","0","102","Sell"
"1","433","-440","2021-04-15 02:18:09.577","998","0","Buy"
"1","434","448","2021-04-15 02:18:11.972","0","131","Sell"
"1","435","-416","2021-04-15 02:18:13.233","1003","0","Sell"
"1","436","450","2021-04-15 02:18:13.355","1003","61","Sell"
"1","437","451","2021-04-15 02:18:15.775","1003","47","Sell"
"1","438","452","2021-04-15 02:18:16.224","997","21","Buy"
"1","439","454","2021-04-15 02:18:17.599","998","21","Buy"
"1","440","-441","2021-04-15 02:18:20.842","1002","0","Sell"
"1","441","456","2021-04-15 02:18:20.937","1004","121","Sell"
"1","442","457","2021-04-15 02:18:23.059","1002","75","Sell"
"1","443","-451","2021-04-15 02:18:24.310","1003","0","Sell"
"1","444","459","2021-04-15 02:18:25.049","997","38","Buy"
"1","445","460","2021-04-15 02:18:26.065","999","26","Buy"
"1","446","461","2021-04-15 02:18:27.271","0","82","Sell"
"1","447","462","2021-04-15 02:18:28.723","1001","52","Sell"
"1","448","-462","2021-04-15 02:18:30.139","1001","0","Sell"
"1","449","464","2021-04-15 02:18:33.088","998","101","Buy"
"1","450","-450","2021-04-15 02:18:33.354","1003","0","Sell"
"1","451","-459","2021-04-15 02:18:33.843","997","0","Buy"
"1","452","467","2021-04-15 02:18:34.723","1003","45","Sell"
"1","453","468","2021-04-15 02:18:34.846","0","5240","Buy"
"1","454","471","2021-04-15 02:18:38.471","1008","66","Sell"
"1","455","-464","2021-04-15 02:18:40.422","998","0","Buy"
"1","456","473","2021-04-15 02:18:42.046","1001","55","Buy"
"1","457","474","2021-04-15 02:18:42.711","1007","22","Sell"
"1","458","475","2021-04-15 02:18:45.199","1000","39","Buy"
"1","459","-474","2021-04-15 02:18:45.739","1007","0","Sell"
"1","460","477","2021-04-15 02:18:45.794","1009","3975","Sell"
"1","461","478","2021-04-15 02:18:47.568","1009","126","Sell"
"1","462","479","2021-04-15 02:18:50.306","1007","29","Sell"
"1","463","480","2021-04-15 02:18:50.364","1006","41","Sell"
"1","464","481","2021-04-15 02:18:51.512","0","51","Buy"
"1","465","482","2021-04-15 02:18:52.760","1002","59","Buy"
"1","466","-471","2021-04-15 02:18:54.010","1008","0","Sell"
"1","467","484","2021-04-15 02:18:55.550","1003","36","Buy"
"1","468","485","2021-04-15 02:19:02.969","0","507","Buy"
"1","469","486","2021-04-15 02:19:25.032","1010","32","Sell"
"1","470","487","2021-04-15 02:19:27.461","0","55","Buy"
"1","471","-477","2021-04-15 02:19:35.095","1009","0","Sell"
"1","472","489","2021-04-15 02:19:36.508","1002","38","Buy"
"1","473","490","2021-04-15 02:19:36.837","1008","470","Sell"
"1","474","491","2021-04-15 02:19:36.865","0","159","Sell"
"1","475","492","2021-04-15 02:19:36.942","1007","86","Sell"
"1","476","-492","2021-04-15 02:19:42.273","1007","0","Sell"
"1","477","-473","2021-04-15 02:19:42.458","1001","0","Buy"
"1","478","495","2021-04-15 02:19:44.195","999","34","Buy"
"1","479","496","2021-04-15 02:19:44.666","0","97","Sell"
"1","480","497","2021-04-15 02:19:49.705","1002","43","Buy"
"1","481","-490","2021-04-15 02:19:50.032","1008","0","Sell"
"1","482","500","2021-04-15 02:19:56.542","1003","299","Buy"
"1","483","501","2021-04-15 02:19:56.835","1004","91","Buy"
"1","484","502","2021-04-15 02:19:57.566","1005","39","Buy"
"1","485","503","2021-04-15 02:19:58.069","1008","44","Sell"
"1","486","504","2021-04-15 02:19:58.137","0","76","Buy"
"1","487","505","2021-04-15 02:19:58.230","1004","41","Buy"
"1","488","-502","2021-04-15 02:19:58.493","1005","0","Buy"
"1","489","507","2021-04-15 02:19:58.875","0","441","Sell"
"1","490","508","2021-04-15 02:19:58.876","1001","84","Buy"
"1","491","509","2021-04-15 02:19:59.127","1008","26","Sell"
"1","492","-497","2021-04-15 02:19:59.613","1002","0","Buy"
"1","493","511","2021-04-15 02:20:00.576","1007","23","Sell"
"1","494","512","2021-04-15 02:20:00.816","1000","25","Buy"
"1","495","513","2021-04-15 02:20:02.079","1000","169","Buy"
"1","496","-511","2021-04-15 02:20:03.250","1007","0","Sell"
"1","497","515","2021-04-15 02:20:03.669","0","66","Sell"
"1","498","-508","2021-04-15 02:20:03.992","1001","0","Buy"
"1","499","517","2021-04-15 02:20:04.483","1001","206","Buy"
"1","500","-517","2021-04-15 02:20:04.566","1001","0","Buy"
"1","501","519","2021-04-15 02:20:04.881","1009","29","Sell"
"1","502","-509","2021-04-15 02:20:04.901","1008","0","Sell"
"1","503","522","2021-04-15 02:20:05.803","999","100","Buy"
"1","504","-513","2021-04-15 02:20:06.879","1000","0","Buy"
"1","505","524","2021-04-15 02:20:07.185","0","346","Sell"
"1","506","526","2021-04-15 02:20:08.199","0","72","Buy"
"1","507","529","2021-04-15 02:20:10.793","1008","24","Sell"
"1","508","-519","2021-04-15 02:20:12.497","1009","0","Sell"
"1","509","-529","2021-04-15 02:20:13.179","1008","0","Sell"
"1","510","535","2021-04-15 02:20:14.530","1002","22","Buy"
"1","511","536","2021-04-15 02:20:15.185","0","75","Sell"
"1","512","537","2021-04-15 02:20:16.820","1010","27","Sell"
"1","513","538","2021-04-15 02:20:17.236","1010","783","Sell"
"1","514","-538","2021-04-15 02:20:17.384","1010","0","Sell"
"1","515","540","2021-04-15 02:20:18.022","1010","23","Sell"
"1","516","542","2021-04-15 02:20:18.094","1008","24","Sell"
"1","517","544","2021-04-15 02:20:18.422","1002","27","Buy"
"1","518","545","2021-04-15 02:20:18.575","1003","31","Buy"
"1","519","546","2021-04-15 02:20:18.586","1004","42","Buy"
"1","520","547","2021-04-15 02:20:19.334","1009","28","Sell"
"1","521","-537","2021-04-15 02:20:19.822","1010","0","Sell"
"1","522","-542","2021-04-15 02:20:21.704","1008","0","Sell"
"1","523","-544","2021-04-15 02:20:22.244","1002","0","Buy"
"1","524","551","2021-04-15 02:20:22.320","1003","49","Buy"
"1","525","552","2021-04-15 02:20:22.852","0","130","Buy"
"1","526","553","2021-04-15 02:20:23.637","0","372","Sell"
"1","527","554","2021-04-15 02:20:25.020","1002","56","Buy"
"1","528","555","2021-04-15 02:20:26.169","1003","47","Sell"
"1","529","556","2021-04-15 02:20:27.087","1004","24","Sell"
"1","530","557","2021-04-15 02:20:27.183","1002","51","Sell"
"1","531","558","2021-04-15 02:20:28.363","1001","48","Buy"
"1","532","559","2021-04-15 02:20:28.383","0","969","Sell"
"1","533","561","2021-04-15 02:20:29.583","1002","35","Sell"
"1","534","562","2021-04-15 02:20:30.329","0","64","Buy"
"1","535","563","2021-04-15 02:20:30.600","1001","25","Buy"
"1","536","-556","2021-04-15 02:20:30.945","1004","0","Sell"
"1","537","-555","2021-04-15 02:20:30.991","1003","0","Sell"
"1","538","566","2021-04-15 02:20:31.756","0","50","Sell"
"1","539","567","2021-04-15 02:20:31.918","1001","88","Buy"
"1","540","568","2021-04-15 02:20:32.054","0","70","Sell"
"1","541","569","2021-04-15 02:20:32.116","0","72","Sell"
"1","542","572","2021-04-15 02:20:33.489","999","2019","Buy"
"1","543","573","2021-04-15 02:20:33.703","0","57","Sell"
"1","544","576","2021-04-15 02:20:34.098","1006","43","Sell"
"1","545","578","2021-04-15 02:20:35.325","1000","61","Buy"
"1","546","580","2021-04-15 02:20:37.425","1001","134","Buy"
"1","547","581","2021-04-15 02:20:37.500","0","57","Buy"
"1","548","-580","2021-04-15 02:20:37.566","1001","0","Buy"
"1","549","584","2021-04-15 02:20:38.577","1004","24","Sell"
"1","550","585","2021-04-15 02:20:38.761","999","63","Buy"
"1","551","586","2021-04-15 02:20:38.856","1003","26","Sell"
"1","552","587","2021-04-15 02:20:38.875","1001","110","Buy"
"1","553","-587","2021-04-15 02:20:39.717","1001","0","Buy"
"1","554","589","2021-04-15 02:20:40.617","1004","361","Sell"
"1","555","-589","2021-04-15 02:20:42.392","1004","0","Sell"
"1","556","591","2021-04-15 02:20:42.832","999","23","Buy"
"1","557","592","2021-04-15 02:20:42.910","999","69","Buy"
"1","558","593","2021-04-15 02:20:43.592","1002","28","Sell"
"1","559","594","2021-04-15 02:20:43.973","1003","135","Sell"
"1","560","-592","2021-04-15 02:20:44.441","999","0","Buy"
"1","561","596","2021-04-15 02:20:47.006","1001","49","Sell"
"1","562","597","2021-04-15 02:20:47.855","1000","136","Sell"
"1","563","-585","2021-04-15 02:20:48.317","999","0","Buy"
"1","564","-597","2021-04-15 02:20:50.750","1000","0","Sell"
"1","565","600","2021-04-15 02:20:51.376","0","59","Sell"
"1","566","601","2021-04-15 02:20:52.713","1002","287","Sell"
"1","567","602","2021-04-15 02:20:56.397","1000","50","Buy"
"1","568","603","2021-04-15 02:20:57.418","999","1289","Buy"
"1","569","-603","2021-04-15 02:20:58.004","999","0","Buy"
"1","570","-602","2021-04-15 02:21:00.976","1000","0","Buy"
"1","571","-596","2021-04-15 02:21:01.243","1001","0","Sell"
"1","572","-572","2021-04-15 02:21:03.977","999","0","Buy"
"1","573","-591","2021-04-15 02:21:04.892","999","0","Buy"
"1","574","-594","2021-04-15 02:21:04.990","1003","0","Sell"
"1","575","610","2021-04-15 02:21:06.514","995","54","Buy"
"1","576","611","2021-04-15 02:21:07.109","1001","21","Sell"
"1","577","612","2021-04-15 02:21:10.204","994","25","Buy"
"1","578","613","2021-04-15 02:21:10.428","1000","21","Sell"
"1","579","614","2021-04-15 02:21:18.014","996","366","Buy"
"1","580","615","2021-04-15 02:21:40.684","0","165","Sell"
"1","581","616","2021-04-15 02:21:53.686","997","61","Buy"
"1","582","617","2021-04-15 02:21:57.166","1001","22","Sell"
"1","583","618","2021-04-15 02:21:58.284","998","45","Buy"
"1","584","-613","2021-04-15 02:22:06.749","1000","0","Sell"
"1","585","620","2021-04-15 02:22:08.139","999","70","Buy"
"1","586","621","2021-04-15 02:22:09.171","998","42","Buy"
"1","587","-620","2021-04-15 02:22:13.788","999","0","Buy"
"1","588","-611","2021-04-15 02:22:14.037","1001","0","Sell"
"1","589","624","2021-04-15 02:22:14.280","1000","24","Sell"
"1","590","625","2021-04-15 02:22:14.845","997","36","Buy"
"1","591","-617","2021-04-15 02:22:14.854","1001","0","Sell"
"1","592","627","2021-04-15 02:22:15.064","997","21","Buy"
"1","593","628","2021-04-15 02:22:15.352","999","21","Buy"
"1","594","629","2021-04-15 02:22:15.656","0","92","Buy"
"1","595","630","2021-04-15 02:22:20.318","998","54","Buy"
"1","596","-625","2021-04-15 02:22:20.784","997","0","Buy"
"1","597","-601","2021-04-15 02:22:22.459","1002","0","Sell"
"1","598","633","2021-04-15 02:22:23.996","998","129","Buy"
"1","599","-630","2021-04-15 02:22:28.116","998","0","Buy"
"1","600","635","2021-04-15 02:22:28.154","1004","220","Sell"
"1","601","636","2021-04-15 02:22:29.502","0","82","Buy"
"1","602","637","2021-04-15 02:22:30.447","0","60","Sell"
"1","603","639","2021-04-15 02:22:32.667","1005","51","Sell"
"1","604","-612","2021-04-15 02:22:33.068","994","0","Buy"
"1","605","641","2021-04-15 02:22:33.369","0","98","Buy"
"1","606","642","2021-04-15 02:22:33.458","997","67","Buy"
"1","607","-639","2021-04-15 02:22:33.538","1005","0","Sell"
"1","608","644","2021-04-15 02:22:34.176","1003","78","Sell"
"1","609","-614","2021-04-15 02:22:36.103","996","0","Buy"
"1","610","646","2021-04-15 02:22:36.133","1002","228","Sell"
"1","611","647","2021-04-15 02:22:36.995","0","77","Sell"
"1","612","-644","2021-04-15 02:22:37.837","1003","0","Sell"
"1","613","-646","2021-04-15 02:22:38.446","1002","0","Sell"
"1","614","650","2021-04-15 02:22:39.934","997","65","Buy"
"1","615","651","2021-04-15 02:22:39.990","1003","69","Sell"
"1","616","652","2021-04-15 02:22:41.339","999","23","Buy"
"1","617","653","2021-04-15 02:22:43.210","1000","55","Buy"
"1","618","654","2021-04-15 02:22:46.271","1002","128","Sell"
"1","619","-653","2021-04-15 02:22:46.460","1000","0","Buy"
"1","620","656","2021-04-15 02:22:47.671","1001","20","Sell"
"1","621","-633","2021-04-15 02:22:48.381","998","0","Buy"
"1","622","-610","2021-04-15 02:22:48.960","995","0","Buy"
"1","623","659","2021-04-15 02:22:49.001","0","51","Buy"
"1","624","-627","2021-04-15 02:22:51.936","997","0","Buy"
"1","625","-635","2021-04-15 02:22:57.504","1004","0","Sell"
"1","626","662","2021-04-15 02:22:57.611","1003","75","Sell"
"1","627","663","2021-04-15 02:22:58.114","1000","21","Buy"
"1","628","664","2021-04-15 02:22:58.892","1003","25","Sell"
"1","629","665","2021-04-15 02:22:59.061","999","23","Buy"
"1","630","-663","2021-04-15 02:22:59.214","1000","0","Buy"
"1","631","-642","2021-04-15 02:23:00.001","997","0","Buy"
"1","632","668","2021-04-15 02:23:01.303","0","355","Buy"
"1","633","669","2021-04-15 02:23:05.089","1000","271","Buy"
"1","634","-669","2021-04-15 02:23:13.769","1000","0","Buy"
"1","635","673","2021-04-15 02:23:13.988","998","62","Buy"
"1","636","674","2021-04-15 02:23:14.947","998","30","Buy"
"1","637","676","2021-04-15 02:23:15.647","0","93","Sell"
"1","638","677","2021-04-15 02:23:22.923","997","40","Buy"
"1","639","678","2021-04-15 02:23:23.767","999","24","Buy"
"1","640","-678","2021-04-15 02:23:24.601","999","0","Buy"
"1","641","680","2021-04-15 02:23:24.897","1008","255","Sell"
"1","642","-680","2021-04-15 02:23:25.394","1008","0","Sell"
"1","643","683","2021-04-15 02:23:27.552","1003","43","Sell"
"1","644","-683","2021-04-15 02:23:29.573","1003","0","Sell"
"1","645","685","2021-04-15 02:23:31.008","997","127","Buy"
"1","646","686","2021-04-15 02:23:32.092","1007","81","Sell"
"1","647","688","2021-04-15 02:23:33.148","999","24","Buy"
"1","648","689","2021-04-15 02:23:33.348","1006","33","Sell"
"1","649","690","2021-04-15 02:23:34.037","1005","83","Sell"
"1","650","691","2021-04-15 02:23:34.478","1000","54","Buy"
"1","651","-690","2021-04-15 02:23:34.594","1005","0","Sell"
"1","652","693","2021-04-15 02:23:34.868","0","63","Buy"
"1","653","694","2021-04-15 02:23:35.161","1008","20","Sell"
"1","654","-691","2021-04-15 02:23:37.984","1000","0","Buy"
"1","655","696","2021-04-15 02:23:38.305","998","6584","Buy"
"1","656","697","2021-04-15 02:23:38.387","998","76","Buy"
"1","657","698","2021-04-15 02:23:38.836","0","614","Buy"
"1","658","699","2021-04-15 02:23:39.206","1008","20","Sell"
"1","659","-697","2021-04-15 02:23:39.241","998","0","Buy"
"1","660","701","2021-04-15 02:23:39.514","1009","51","Sell"
"1","661","-688","2021-04-15 02:23:41.102","999","0","Buy"
"1","662","-674","2021-04-15 02:23:41.133","998","0","Buy"
"1","663","-699","2021-04-15 02:23:42.119","1008","0","Sell"
"1","664","705","2021-04-15 02:23:42.206","0","169","Buy"
"1","665","707","2021-04-15 02:23:44.477","1002","23","Sell"
"1","666","-650","2021-04-15 02:23:46.656","997","0","Buy"
"1","667","709","2021-04-15 02:23:46.690","1001","413","Sell"
"1","668","710","2021-04-15 02:23:47.159","0","1801","Sell"
"1","669","711","2021-04-15 02:23:47.183","1002","82","Sell"
"1","670","712","2021-04-15 02:23:48.101","999","36","Buy"
"1","671","713","2021-04-15 02:23:49.340","0","51","Buy"
"1","672","714","2021-04-15 02:23:49.588","0","442","Buy"
"1","673","-712","2021-04-15 02:23:49.906","999","0","Buy"
"1","674","716","2021-04-15 02:23:50.270","1003","39","Sell"
"1","675","-716","2021-04-15 02:23:50.362","1003","0","Sell"
"1","676","718","2021-04-15 02:23:51.119","1003","22","Sell"
"1","677","719","2021-04-15 02:23:51.135","1003","27","Sell"
"1","678","-616","2021-04-15 02:23:51.344","997","0","Buy"
"1","679","-718","2021-04-15 02:23:51.828","1003","0","Sell"
"1","680","722","2021-04-15 02:23:52.319","997","38","Buy"
"1","681","723","2021-04-15 02:23:52.511","0","219","Sell"
"1","682","-719","2021-04-15 02:23:52.657","1003","0","Sell"
"1","683","-677","2021-04-15 02:23:52.797","997","0","Buy"
"1","684","726","2021-04-15 02:23:52.939","1003","38","Sell"
"1","685","727","2021-04-15 02:23:53.061","999","48","Buy"
"1","686","728","2021-04-15 02:23:53.731","998","521","Buy"
"1","687","-711","2021-04-15 02:23:53.931","1002","0","Sell"
"1","688","730","2021-04-15 02:23:54.432","0","52","Sell"
"1","689","-728","2021-04-15 02:23:54.582","998","0","Buy"
"1","690","732","2021-04-15 02:23:54.983","0","388","Sell"
"1","691","733","2021-04-15 02:23:55.574","1004","24","Sell"
"1","692","734","2021-04-15 02:23:55.576","997","81","Buy"
"1","693","-685","2021-04-15 02:23:55.881","997","0","Buy"
"1","694","-726","2021-04-15 02:23:56.280","1003","0","Sell"
"1","695","737","2021-04-15 02:23:56.348","0","133","Buy"
"1","696","739","2021-04-15 02:23:57.740","1001","25","Sell"
"1","697","740","2021-04-15 02:23:57.925","999","72","Buy"
"1","698","741","2021-04-15 02:23:58.602","1000","31","Buy"
"1","699","742","2021-04-15 02:24:00.717","999","39","Buy"
"1","700","743","2021-04-15 02:24:01.252","999","22","Buy"
"1","701","744","2021-04-15 02:24:01.360","1001","35","Buy"
"1","702","745","2021-04-15 02:24:02.203","1002","314","Sell"
"1","703","-745","2021-04-15 02:24:02.247","1002","0","Sell"
"1","704","747","2021-04-15 02:24:03.548","0","128","Sell"
"1","705","750","2021-04-15 02:24:08.449","998","32","Buy"
"1","706","752","2021-04-15 02:24:10.853","1005","663","Sell"
"1","707","-734","2021-04-15 02:24:14.005","997","0","Buy"
"1","708","754","2021-04-15 02:24:14.443","1004","138","Sell"
"1","709","-752","2021-04-15 02:24:14.761","1005","0","Sell"
"1","710","757","2021-04-15 02:24:15.586","1000","25","Buy"
"1","711","758","2021-04-15 02:24:16.184","0","1815","Buy"
"1","712","-722","2021-04-15 02:24:19.256","997","0","Buy"
"1","713","760","2021-04-15 02:24:21.074","999","54","Buy"
"1","714","761","2021-04-15 02:24:21.894","1003","47","Sell"
"1","715","762","2021-04-15 02:24:22.166","0","173","Sell"
"1","716","763","2021-04-15 02:24:23.002","0","133","Sell"
"1","717","764","2021-04-15 02:24:24.626","997","73","Buy"
"1","718","765","2021-04-15 02:24:24.670","1004","160","Sell"
"1","719","766","2021-04-15 02:24:26.776","1002","98","Sell"
"1","720","-764","2021-04-15 02:24:27.094","997","0","Buy"
"1","721","768","2021-04-15 02:24:27.331","1001","24","Sell"
"1","722","769","2021-04-15 02:24:28.018","0","4328","Sell"
"1","723","-768","2021-04-15 02:24:28.209","1001","0","Sell"
"1","724","771","2021-04-15 02:24:28.962","1003","812","Sell"
"1","725","772","2021-04-15 02:24:29.354","1001","29","Sell"
"1","726","-772","2021-04-15 02:24:30.700","1001","0","Sell"
"1","727","774","2021-04-15 02:24:31.250","1001","22","Sell"
"1","728","776","2021-04-15 02:24:32.201","998","48","Buy"
"1","729","777","2021-04-15 02:24:32.599","1002","27","Sell"
"1","730","778","2021-04-15 02:24:33.500","0","148","Buy"
"1","731","779","2021-04-15 02:24:34.975","1004","27","Sell"
"1","732","780","2021-04-15 02:24:35.194","0","71","Sell"
"1","733","782","2021-04-15 02:25:18.033","1002","183","Sell"
"1","734","-771","2021-04-15 02:25:33.213","1003","0","Sell"
"1","735","785","2021-04-15 02:25:33.514","1001","531","Sell"
"1","736","786","2021-04-15 02:25:33.614","992","48","Buy"
"1","737","787","2021-04-15 02:25:38.067","0","200","Sell"
"1","738","788","2021-04-15 02:25:40.519","1002","264","Sell"
"1","739","-779","2021-04-15 02:25:42.313","1004","0","Sell"
"1","740","790","2021-04-15 02:25:42.468","1002","90","Sell"
"1","741","-785","2021-04-15 02:25:43.290","1001","0","Sell"
"1","742","792","2021-04-15 02:25:43.601","0","133","Buy"
"1","743","-788","2021-04-15 02:25:43.686","1002","0","Sell"
"1","744","794","2021-04-15 02:25:45.292","1003","26","Sell"
"1","745","-782","2021-04-15 02:25:48.556","1002","0","Sell"
"1","746","798","2021-04-15 02:26:01.610","1001","60","Sell"
"1","747","-798","2021-04-15 02:26:02.927","1001","0","Sell"
"1","748","800","2021-04-15 02:26:04.329","0","70","Buy"
"1","749","-794","2021-04-15 02:26:14.652","1003","0","Sell"
"1","750","806","2021-04-15 02:26:21.554","998","54","Buy"
"1","751","807","2021-04-15 02:26:25.536","1001","92","Sell"
"1","752","808","2021-04-15 02:26:25.925","999","33","Buy"
"1","753","-808","2021-04-15 02:26:26.329","999","0","Buy"
"1","754","810","2021-04-15 02:26:28.877","997","22","Buy"
"1","755","-807","2021-04-15 02:26:35.914","1001","0","Sell"
"1","756","812","2021-04-15 02:26:35.926","1001","62","Sell"
"1","757","813","2021-04-15 02:26:37.247","997","1365","Buy"
"1","758","814","2021-04-15 02:26:37.924","1000","28","Sell"
"1","759","815","2021-04-15 02:26:38.215","997","20","Buy"
"1","760","-814","2021-04-15 02:26:39.573","1000","0","Sell"
"1","761","817","2021-04-15 02:26:40.606","1000","35","Sell"
"1","762","-812","2021-04-15 02:26:41.032","1001","0","Sell"
"1","763","-806","2021-04-15 02:26:41.203","998","0","Buy"
"1","764","820","2021-04-15 02:26:42.378","0","122","Buy"
"1","765","-815","2021-04-15 02:26:44.778","997","0","Buy"
"1","766","824","2021-04-15 02:26:48.697","998","91","Buy"
"1","767","826","2021-04-15 02:26:50.754","0","124","Sell"
"1","768","827","2021-04-15 02:26:53.825","1005","53","Sell"
"1","769","828","2021-04-15 02:26:55.328","1005","27","Sell"
"1","770","829","2021-04-15 02:26:55.529","1005","31","Sell"
"1","771","-813","2021-04-15 02:26:55.769","997","0","Buy"
"1","772","831","2021-04-15 02:26:56.714","1005","82","Sell"
"1","773","833","2021-04-15 02:26:57.448","1003","29","Sell"
"1","774","834","2021-04-15 02:26:59.920","0","788","Buy"
"1","775","837","2021-04-15 02:27:00.727","1000","33","Buy"
"1","776","838","2021-04-15 02:27:01.144","1009","34","Sell"
"1","777","839","2021-04-15 02:27:01.254","1008","175","Sell"
"1","778","-837","2021-04-15 02:27:01.310","1000","0","Buy"
"1","779","842","2021-04-15 02:27:02.838","1001","25","Buy"
"1","780","843","2021-04-15 02:27:03.223","1007","89","Sell"
"1","781","-839","2021-04-15 02:27:04.937","1008","0","Sell"
"1","782","845","2021-04-15 02:27:05.798","1000","61","Buy"
"1","783","-842","2021-04-15 02:27:06.334","1001","0","Buy"
"1","784","847","2021-04-15 02:27:08.741","1008","25","Sell"
"1","785","-845","2021-04-15 02:27:10.146","1000","0","Buy"
"1","786","-847","2021-04-15 02:27:11.646","1008","0","Sell"
"1","787","-838","2021-04-15 02:27:13.887","1009","0","Sell"
"1","788","854","2021-04-15 02:27:15.682","1006","48","Buy"
"1","789","855","2021-04-15 02:27:16.349","1007","38","Buy"
"1","790","856","2021-04-15 02:27:17.086","1005","33","Buy"
"1","791","858","2021-04-15 02:27:23.918","1006","43","Sell"
"1","792","859","2021-04-15 02:27:24.213","1006","27","Sell"
"1","793","860","2021-04-15 02:27:24.652","1005","247","Sell"
"1","794","861","2021-04-15 02:27:26.225","998","49","Buy"
"1","795","862","2021-04-15 02:27:26.392","997","22","Buy"
"1","796","863","2021-04-15 02:27:27.204","1006","23","Sell"
"1","797","-860","2021-04-15 02:27:27.734","1005","0","Sell"
"1","798","865","2021-04-15 02:27:28.437","0","56","Sell"
"1","799","866","2021-04-15 02:27:29.647","0","62","Sell"
"1","800","868","2021-04-15 02:27:31.010","1001","89","Buy"
"1","801","-859","2021-04-15 02:27:49.911","1006","0","Sell"
"1","802","870","2021-04-15 02:27:50.321","0","54","Sell"
"1","803","871","2021-04-15 02:27:51.188","1005","48","Sell"
"1","804","-868","2021-04-15 02:27:54.458","1001","0","Buy"
"1","805","-843","2021-04-15 02:27:54.870","1007","0","Sell"
"1","806","874","2021-04-15 02:27:56.189","1006","51","Sell"
"1","807","877","2021-04-15 02:27:59.105","1004","63","Sell"
"1","808","878","2021-04-15 02:27:59.549","1003","40","Sell"
"1","809","879","2021-04-15 02:27:59.897","1002","67","Sell"
"1","810","880","2021-04-15 02:28:00.083","0","933","Buy"
"1","811","882","2021-04-15 02:28:00.870","1007","567","Sell"
"1","812","883","2021-04-15 02:28:03.114","998","32","Buy"
"1","813","884","2021-04-15 02:28:04.019","0","66","Sell"
"1","814","-882","2021-04-15 02:28:04.653","1007","0","Sell"
"1","815","887","2021-04-15 02:28:05.362","1001","618","Sell"
"1","816","889","2021-04-15 02:28:10.655","1000","40","Sell"
"1","817","-887","2021-04-15 02:28:11.331","1001","0","Sell"
"1","818","892","2021-04-15 02:28:11.562","999","53","Buy"
"1","819","893","2021-04-15 02:28:13.129","1001","43","Sell"
"1","820","894","2021-04-15 02:28:13.285","1001","66","Sell"
"1","821","896","2021-04-15 02:28:14.341","999","73","Sell"
"1","822","-896","2021-04-15 02:28:15.034","999","0","Sell"
"1","823","898","2021-04-15 02:28:15.571","996","29","Buy"
"1","824","-889","2021-04-15 02:28:15.666","1000","0","Sell"
"1","825","900","2021-04-15 02:28:16.585","1002","25","Sell"
"1","826","901","2021-04-15 02:28:17.861","1002","48","Sell"
"1","827","902","2021-04-15 02:28:17.923","1002","23","Sell"
"1","828","903","2021-04-15 02:28:18.948","0","194","Buy"
"1","829","905","2021-04-15 02:28:28.000","1003","136","Sell"
"1","830","-902","2021-04-15 02:28:30.739","1002","0","Sell"
"1","831","-905","2021-04-15 02:28:31.498","1003","0","Sell"
"1","832","908","2021-04-15 02:28:33.677","997","25","Buy"
"1","833","909","2021-04-15 02:28:34.247","996","1491","Buy"
"1","834","910","2021-04-15 02:28:34.480","1000","39","Sell"
"1","835","-908","2021-04-15 02:28:35.233","997","0","Buy"
"1","836","912","2021-04-15 02:28:35.790","999","74","Sell"
"1","837","913","2021-04-15 02:28:37.628","995","39","Buy"
"1","838","-898","2021-04-15 02:28:41.315","996","0","Buy"
"1","839","-909","2021-04-15 02:28:42.022","996","0","Buy"
"1","840","916","2021-04-15 02:28:43.552","1000","22","Sell"
"1","841","917","2021-04-15 02:28:46.867","1000","30","Sell"
"1","842","918","2021-04-15 02:28:47.122","998","92","Sell"
"1","843","919","2021-04-15 02:28:55.030","994","25","Buy"
"1","844","920","2021-04-15 02:28:55.086","0","76","Buy"
"1","845","921","2021-04-15 02:28:56.170","996","64","Buy"
"1","846","-912","2021-04-15 02:28:57.942","999","0","Sell"
"1","847","923","2021-04-15 02:28:59.292","995","6550","Buy"
"1","848","-916","2021-04-15 02:29:05.919","1000","0","Sell"
"1","849","-913","2021-04-15 02:29:12.333","995","0","Buy"
"1","850","-917","2021-04-15 02:29:12.412","1000","0","Sell"
"1","851","927","2021-04-15 02:29:14.855","999","60","Sell"
"1","852","-923","2021-04-15 02:29:15.619","995","0","Buy"
"1","853","929","2021-04-15 02:29:18.208","995","33","Buy"
"1","854","930","2021-04-15 02:29:22.007","0","160","Buy"
"1","855","-921","2021-04-15 02:29:26.499","996","0","Buy"
"1","856","932","2021-04-15 02:29:28.546","994","27","Buy"
"1","857","933","2021-04-15 02:29:28.768","994","25","Buy"
"1","858","937","2021-04-15 02:29:31.671","996","25","Sell"
"1","859","938","2021-04-15 02:29:32.309","995","22","Sell"
"1","860","-937","2021-04-15 02:29:32.347","996","0","Sell"
"1","861","941","2021-04-15 02:29:33.111","1000","20","Sell"
"1","862","943","2021-04-15 02:29:33.591","0","128","Sell"
"1","863","945","2021-04-15 02:29:33.910","999","72","Buy"
"1","864","-945","2021-04-15 02:29:34.224","999","0","Buy"
"1","865","950","2021-04-15 02:29:37.266","0","85","Buy"
"1","866","952","2021-04-15 02:29:38.311","990","138","Buy"
"1","867","-952","2021-04-15 02:29:38.317","990","0","Buy"
"1","868","954","2021-04-15 02:29:38.613","1000","25","Sell"
"1","869","957","2021-04-15 02:29:39.007","991","56","Buy"
"1","870","-957","2021-04-15 02:29:39.384","991","0","Buy"
"1","871","959","2021-04-15 02:29:39.442","0","54","Buy"
"1","872","960","2021-04-15 02:29:40.320","993","36","Sell"
"1","873","963","2021-04-15 02:29:41.113","992","40","Sell"
"1","874","964","2021-04-15 02:29:42.392","990","23","Buy"
"1","875","-964","2021-04-15 02:29:42.917","990","0","Buy"
"1","876","966","2021-04-15 02:29:43.380","991","54","Sell"
"1","877","967","2021-04-15 02:29:44.751","987","33","Buy"
"1","878","968","2021-04-15 02:29:45.150","992","21","Sell"
"1","879","969","2021-04-15 02:29:45.225","0","1168","Sell"
"1","880","972","2021-04-15 02:29:45.680","992","47","Sell"
"1","881","973","2021-04-15 02:29:45.771","987","24","Buy"
"1","882","974","2021-04-15 02:29:45.903","992","142","Sell"
"1","883","-973","2021-04-15 02:29:47.108","987","0","Buy"
"1","884","-966","2021-04-15 02:29:48.821","991","0","Sell"
"1","885","978","2021-04-15 02:29:49.010","993","69","Sell"
"1","886","-978","2021-04-15 02:29:49.486","993","0","Sell"
"1","887","980","2021-04-15 02:29:49.725","982","157","Buy"
"1","888","982","2021-04-15 02:29:50.218","981","48","Buy"
"1","889","-960","2021-04-15 02:29:50.618","993","0","Sell"
"1","890","984","2021-04-15 02:29:51.668","0","164","Buy"
"1","891","-982","2021-04-15 02:29:52.108","981","0","Buy"
"1","892","-980","2021-04-15 02:29:52.166","982","0","Buy"
"1","893","987","2021-04-15 02:29:52.434","990","29","Buy"
"1","894","988","2021-04-15 02:29:52.474","0","2414","Buy"
"1","895","989","2021-04-15 02:29:52.627","989","116","Buy"
"1","896","990","2021-04-15 02:29:53.844","995","34","Sell"
"1","897","991","2021-04-15 02:29:53.954","991","61","Buy"
"1","898","-989","2021-04-15 02:29:55.586","989","0","Buy"
"1","899","993","2021-04-15 02:29:55.644","994","55","Sell"
"1","900","-993","2021-04-15 02:29:56.395","994","0","Sell"
"1","901","-990","2021-04-15 02:29:56.448","995","0","Sell"
"1","902","996","2021-04-15 02:29:56.808","0","74","Sell"
"1","903","-987","2021-04-15 02:29:57.244","990","0","Buy"
"1","904","1000","2021-04-15 02:29:58.451","997","43","Sell"
"1","905","1001","2021-04-15 02:29:58.766","0","174","Buy"
"1","906","1002","2021-04-15 02:29:59.909","1000","24","Sell"
"1","907","1004","2021-04-15 02:30:00.864","999","83","Sell"
"1","908","1005","2021-04-15 02:30:01.611","1000","62","Sell"
"1","909","1006","2021-04-15 02:30:02.495","989","38","Buy"
"1","910","-1004","2021-04-15 02:30:02.620","999","0","Sell"
"1","911","1009","2021-04-15 02:30:03.621","0","92","Sell"
"1","912","1011","2021-04-15 02:30:04.465","1001","21","Sell"
"1","913","-1011","2021-04-15 02:30:04.976","1001","0","Sell"
"1","914","1013","2021-04-15 02:30:07.043","999","37","Sell"
"1","915","1014","2021-04-15 02:30:07.219","1000","27","Sell"
"1","916","1015","2021-04-15 02:30:08.065","990","38","Buy"
"1","917","1016","2021-04-15 02:30:09.013","991","35","Buy"
"1","918","1017","2021-04-15 02:30:09.102","0","101","Buy"
"1","919","1018","2021-04-15 02:30:09.139","990","41","Buy"
"1","920","1019","2021-04-15 02:30:11.138","992","66","Buy"
"1","921","1020","2021-04-15 02:30:13.616","991","32","Buy"
"1","922","1021","2021-04-15 02:30:17.280","1001","40","Sell"
"1","923","1022","2021-04-15 02:30:17.428","999","186","Sell"
"1","924","1023","2021-04-15 02:30:20.397","993","22","Buy"
"1","925","1024","2021-04-15 02:30:31.364","998","35","Sell"
"1","926","-1024","2021-04-15 02:30:36.753","998","0","Sell"
"1","927","-1005","2021-04-15 02:30:40.402","1000","0","Sell"
"1","928","-1021","2021-04-15 02:30:40.575","1001","0","Sell"
"1","929","1028","2021-04-15 02:30:41.449","0","61","Sell"
"1","930","1029","2021-04-15 02:30:43.379","1000","24","Sell"
"1","931","-1019","2021-04-15 02:30:44.410","992","0","Buy"
"1","932","1031","2021-04-15 02:30:44.520","992","542","Buy"
"1","933","1032","2021-04-15 02:30:45.002","998","64","Sell"
"1","934","1033","2021-04-15 02:30:45.012","0","462","Buy"
"1","935","-1031","2021-04-15 02:30:49.710","992","0","Buy"
"1","936","-1015","2021-04-15 02:30:53.064","990","0","Buy"
"1","937","1040","2021-04-15 02:30:56.244","992","58","Buy"
"1","938","1041","2021-04-15 02:30:57.519","991","35","Buy"
"1","939","1042","2021-04-15 02:30:57.978","991","21","Buy"
"1","940","-1016","2021-04-15 02:31:01.207","991","0","Buy"
"1","941","1044","2021-04-15 02:31:04.035","991","25","Buy"
"1","942","1045","2021-04-15 02:31:13.903","0","443","Sell"
"1","943","1047","2021-04-15 02:31:17.132","996","27","Sell"
"1","944","1048","2021-04-15 02:31:20.691","995","96","Sell"
"1","945","-1048","2021-04-15 02:31:21.145","995","0","Sell"
"1","946","1052","2021-04-15 02:31:30.399","987","25","Buy"
"1","947","-1047","2021-04-15 02:31:30.428","996","0","Sell"
"1","948","1055","2021-04-15 02:31:32.523","992","23","Sell"
"1","949","1056","2021-04-15 02:31:32.966","988","149","Buy"
"1","950","1057","2021-04-15 02:31:33.564","989","24","Buy"
"1","951","1058","2021-04-15 02:31:34.434","993","145","Sell"
"1","952","1059","2021-04-15 02:31:34.508","990","219","Buy"
"1","953","1060","2021-04-15 02:31:36.619","993","63","Sell"
"1","954","1061","2021-04-15 02:31:37.187","0","98","Buy"
"1","955","1063","2021-04-15 02:31:38.670","991","38","Buy"
"1","956","1064","2021-04-15 02:31:44.163","990","25","Buy"
"1","957","1065","2021-04-15 02:31:45.451","990","22","Buy"
"1","958","1066","2021-04-15 02:31:50.325","0","61","Buy"
"1","959","-1063","2021-04-15 02:31:54.089","991","0","Buy"
"1","960","1068","2021-04-15 02:31:54.333","0","78","Sell"
"1","961","1069","2021-04-15 02:31:54.590","994","62","Sell"
"1","962","1070","2021-04-15 02:31:55.519","992","30","Sell"
"1","963","-1064","2021-04-15 02:31:55.615","990","0","Buy"
"1","964","-1059","2021-04-15 02:31:58.153","990","0","Buy"
"1","965","1073","2021-04-15 02:31:58.206","993","22","Sell"
"1","966","-1070","2021-04-15 02:31:58.925","992","0","Sell"
"1","967","1075","2021-04-15 02:31:59.380","994","35","Sell"
"1","968","1076","2021-04-15 02:32:03.984","989","43","Buy"
"1","969","1077","2021-04-15 02:32:04.275","994","58","Sell"
"1","970","1078","2021-04-15 02:32:04.554","991","43","Buy"
"1","971","1079","2021-04-15 02:32:05.398","990","43","Buy"
"1","972","-1057","2021-04-15 02:32:09.446","989","0","Buy"
"1","973","1081","2021-04-15 02:32:10.184","990","876","Buy"
"1","974","1082","2021-04-15 02:32:12.609","0","79","Sell"
"1","975","1083","2021-04-15 02:32:13.924","991","22","Buy"
"1","976","-1081","2021-04-15 02:32:14.327","990","0","Buy"
"1","977","-1069","2021-04-15 02:32:14.573","994","0","Sell"
"1","978","1086","2021-04-15 02:32:17.110","992","234","Buy"
"1","979","1087","2021-04-15 02:32:18.451","993","22","Buy"
"1","980","-1086","2021-04-15 02:32:19.813","992","0","Buy"
"1","981","1089","2021-04-15 02:32:19.955","0","204","Sell"
"1","982","1090","2021-04-15 02:32:20.674","987","39","Buy"
"1","983","1091","2021-04-15 02:32:20.885","989","132","Buy"
"1","984","1092","2021-04-15 02:32:22.463","988","63","Buy"
"1","985","1093","2021-04-15 02:32:29.986","992","21","Sell"
"1","986","-1093","2021-04-15 02:32:35.165","992","0","Sell"
"1","987","-1077","2021-04-15 02:32:44.801","994","0","Sell"
"1","988","1096","2021-04-15 02:32:54.999","992","52","Sell"
"1","989","-1090","2021-04-15 02:32:55.168","987","0","Buy"
"1","990","1098","2021-04-15 02:32:56.679","990","81","Buy"
"1","991","1099","2021-04-15 02:32:56.864","991","23","Buy"
"1","992","1100","2021-04-15 02:32:58.414","992","25","Buy"
"1","993","1101","2021-04-15 02:33:00.549","990","72","Buy"
"1","994","1102","2021-04-15 02:33:03.336","0","105","Buy"
"1","995","1103","2021-04-15 02:33:04.104","992","34","Buy"
"1","996","1104","2021-04-15 02:33:05.085","995","39","Sell"
"1","997","1105","2021-04-15 02:33:06.775","0","53","Sell"
"1","998","1106","2021-04-15 02:33:06.805","0","116","Buy"
"1","999","1108","2021-04-15 02:33:10.164","0","796","Sell"
"1","1000","1111","2021-04-15 02:33:10.578","997","24","Sell"
"1","1001","1112","2021-04-15 02:33:11.143","996","280","Buy"
"1","1002","1113","2021-04-15 02:33:11.569","996","51","Sell"
"1","1003","1114","2021-04-15 02:33:12.428","996","35","Sell"
"1","1004","-1111","2021-04-15 02:33:12.529","997","0","Sell"
"1","1005","1118","2021-04-15 02:33:19.578","0","376","Sell"
"1","1006","1121","2021-04-15 02:33:31.336","1002","21","Sell"
"1","1007","-1121","2021-04-15 02:33:35.494","1002","0","Sell"
"1","1008","1126","2021-04-15 02:33:37.003","1001","22","Sell"
"1","1009","1129","2021-04-15 02:33:41.359","993","53","Buy"
"1","1010","1130","2021-04-15 02:33:42.271","1000","4091","Sell"
"1","1011","1131","2021-04-15 02:33:42.316","992","21","Buy"
"1","1012","1132","2021-04-15 02:33:44.012","992","29","Buy"
"1","1013","-1131","2021-04-15 02:33:44.989","992","0","Buy"
"1","1014","1134","2021-04-15 02:33:45.247","992","308","Buy"
"1","1015","1135","2021-04-15 02:33:47.769","0","9911","Sell"
"1","1016","1136","2021-04-15 02:33:48.004","1001","6720","Sell"
"1","1017","-1130","2021-04-15 02:33:49.705","1000","0","Sell"
"1","1018","1139","2021-04-15 02:33:49.782","0","59","Buy"
"1","1019","1140","2021-04-15 02:33:51.687","1000","102","Sell"
"1","1020","1141","2021-04-15 02:33:52.199","999","35","Sell"
"1","1021","1143","2021-04-15 02:33:53.495","992","30","Buy"
"1","1022","-1140","2021-04-15 02:33:53.582","1000","0","Sell"
"1","1023","1145","2021-04-15 02:33:55.499","993","44","Buy"
"1","1024","1146","2021-04-15 02:34:00.970","1000","61","Sell"
"1","1025","1147","2021-04-15 02:34:01.889","992","78","Buy"
"1","1026","-1141","2021-04-15 02:34:02.234","999","0","Sell"
"1","1027","1149","2021-04-15 02:34:02.493","994","25","Buy"
"1","1028","-1145","2021-04-15 02:34:03.046","993","0","Buy"
"1","1029","-1147","2021-04-15 02:34:03.127","992","0","Buy"
"1","1030","1152","2021-04-15 02:34:03.237","993","217","Buy"
"1","1031","-1152","2021-04-15 02:34:04.717","993","0","Buy"
"1","1032","-1143","2021-04-15 02:34:05.707","992","0","Buy"
"1","1033","-1149","2021-04-15 02:34:06.175","994","0","Buy"
"1","1034","1156","2021-04-15 02:34:06.484","998","59","Buy"
"1","1035","1157","2021-04-15 02:34:06.575","999","24","Sell"
"1","1036","1158","2021-04-15 02:34:08.400","997","44","Buy"
"1","1037","1159","2021-04-15 02:34:08.466","999","281","Buy"
"1","1038","1160","2021-04-15 02:34:09.387","1000","33","Buy"
"1","1039","1161","2021-04-15 02:34:09.700","999","943","Sell"
"1","1040","1162","2021-04-15 02:34:09.852","999","36","Buy"
"1","1041","1163","2021-04-15 02:34:09.927","997","51","Buy"
"1","1042","1164","2021-04-15 02:34:10.175","0","239","Buy"
"1","1043","-1161","2021-04-15 02:34:10.263","999","0","Sell"
"1","1044","-1136","2021-04-15 02:34:10.423","1001","0","Sell"
"1","1045","1167","2021-04-15 02:34:11.537","999","44","Sell"
"1","1046","1168","2021-04-15 02:34:11.988","1000","63","Sell"
"1","1047","1169","2021-04-15 02:34:12.159","1000","34","Sell"
"1","1048","-1168","2021-04-15 02:34:12.352","1000","0","Sell"
"1","1049","-1167","2021-04-15 02:34:12.705","999","0","Sell"
"1","1050","-1156","2021-04-15 02:34:13.193","998","0","Buy"
"1","1051","1173","2021-04-15 02:34:13.750","998","46","Buy"
"1","1052","1174","2021-04-15 02:34:14.129","999","232","Buy"
"1","1053","1175","2021-04-15 02:34:14.652","999","30","Sell"
"1","1054","1176","2021-04-15 02:34:15.605","0","84","Buy"
"1","1055","1177","2021-04-15 02:34:16.893","1004","144","Sell"
"1","1056","1178","2021-04-15 02:34:17.792","1003","30","Sell"
"1","1057","-1174","2021-04-15 02:34:18.107","999","0","Buy"
"1","1058","-1173","2021-04-15 02:34:18.638","998","0","Buy"
"1","1059","-1178","2021-04-15 02:34:19.629","1003","0","Sell"
"1","1060","1182","2021-04-15 02:34:20.317","0","52","Sell"
"1","1061","1184","2021-04-15 02:34:20.343","0","569","Sell"
"1","1062","1185","2021-04-15 02:34:20.607","1003","28","Buy"
"1","1063","1186","2021-04-15 02:34:21.456","1003","60913","Sell"
"1","1064","-1177","2021-04-15 02:34:22.706","1004","0","Sell"
"1","1065","1190","2021-04-15 02:34:23.079","995","46","Buy"
"1","1066","1191","2021-04-15 02:34:23.489","994","29","Buy"
"1","1067","1192","2021-04-15 02:34:23.516","1004","24","Sell"
"1","1068","-1192","2021-04-15 02:34:23.678","1004","0","Sell"
"1","1069","-1191","2021-04-15 02:34:25.032","994","0","Buy"
"1","1070","1195","2021-04-15 02:34:25.564","1002","24","Sell"
"1","1071","-1195","2021-04-15 02:34:31.172","1002","0","Sell"
"1","1072","1197","2021-04-15 02:34:31.717","1004","22","Sell"
"1","1073","1198","2021-04-15 02:34:32.027","1004","31","Sell"
"1","1074","1199","2021-04-15 02:34:34.092","0","563","Buy"
"1","1075","1200","2021-04-15 02:34:34.832","994","29","Buy"
"1","1076","1201","2021-04-15 02:34:35.821","1002","21","Sell"
"1","1077","1202","2021-04-15 02:34:36.343","1003","46","Sell"
"1","1078","-1197","2021-04-15 02:34:37.193","1004","0","Sell"
"1","1079","1204","2021-04-15 02:34:37.494","1003","34","Sell"
"1","1080","1205","2021-04-15 02:34:37.745","0","98","Buy"
"1","1081","-1200","2021-04-15 02:34:37.794","994","0","Buy"
"1","1082","1209","2021-04-15 02:34:38.854","1002","24","Sell"
"1","1083","-1202","2021-04-15 02:34:39.220","1003","0","Sell"
"1","1084","1211","2021-04-15 02:34:39.971","1001","37","Sell"
"1","1085","1212","2021-04-15 02:34:40.117","1002","48","Sell"
"1","1086","-1190","2021-04-15 02:34:41.244","995","0","Buy"
"1","1087","1215","2021-04-15 02:34:42.170","0","202","Buy"
"1","1088","1216","2021-04-15 02:34:42.701","994","242","Buy"
"1","1089","1217","2021-04-15 02:34:42.978","0","51","Sell"
"1","1090","1218","2021-04-15 02:34:43.393","995","344","Buy"
"1","1091","-1216","2021-04-15 02:34:45.493","994","0","Buy"
"1","1092","1220","2021-04-15 02:34:45.668","1002","45","Sell"
"1","1093","-1218","2021-04-15 02:34:45.783","995","0","Buy"
"1","1094","1222","2021-04-15 02:34:46.421","1001","313","Sell"
"1","1095","1223","2021-04-15 02:34:49.517","992","373","Buy"
"1","1096","1225","2021-04-15 02:34:50.339","993","82","Buy"
"1","1097","1226","2021-04-15 02:34:50.579","992","338","Buy"
"1","1098","-1186","2021-04-15 02:34:52.123","1003","0","Sell"
"1","1099","1228","2021-04-15 02:34:52.301","1002","1962","Sell"
"1","1100","1229","2021-04-15 02:34:52.917","994","249","Buy"
"1","1101","-1223","2021-04-15 02:34:53.256","992","0","Buy"
"1","1102","1231","2021-04-15 02:34:54.462","995","115","Buy"
"1","1103","1232","2021-04-15 02:34:54.622","994","43","Buy"
"1","1104","1233","2021-04-15 02:34:55.288","996","28","Buy"
"1","1105","-1226","2021-04-15 02:34:55.427","992","0","Buy"
"1","1106","-1233","2021-04-15 02:34:55.569","996","0","Buy"
"1","1107","-1231","2021-04-15 02:34:56.451","995","0","Buy"
"1","1108","-1220","2021-04-15 02:34:56.490","1002","0","Sell"
"1","1109","-1222","2021-04-15 02:34:57.923","1001","0","Sell"
"1","1110","1239","2021-04-15 02:34:58.337","1001","56","Sell"
"1","1111","1240","2021-04-15 02:35:00.876","1000","71","Sell"
"1","1112","-1240","2021-04-15 02:35:03.423","1000","0","Sell"
"1","1113","-1225","2021-04-15 02:35:04.168","993","0","Buy"
"1","1114","-1232","2021-04-15 02:35:04.642","994","0","Buy"
"1","1115","1244","2021-04-15 02:35:06.839","993","50","Buy"
"1","1116","1245","2021-04-15 02:35:07.090","1002","27","Sell"
"1","1117","1246","2021-04-15 02:35:07.913","1000","2846","Sell"
"1","1118","-1229","2021-04-15 02:35:08.537","994","0","Buy"
"1","1119","1248","2021-04-15 02:35:08.968","999","141","Sell"
"1","1120","1249","2021-04-15 02:35:09.733","992","34","Buy"
"1","1121","1250","2021-04-15 02:35:12.477","1000","26","Sell"
"1","1122","1251","2021-04-15 02:35:13.015","0","65","Buy"
"1","1123","-1248","2021-04-15 02:35:14.518","999","0","Sell"
"1","1124","-1249","2021-04-15 02:35:15.727","992","0","Buy"
"1","1125","1254","2021-04-15 02:35:15.930","992","127","Buy"
"1","1126","1255","2021-04-15 02:35:16.692","1001","20","Sell"
"1","1127","-1204","2021-04-15 02:35:17.069","1003","0","Sell"
"1","1128","-1198","2021-04-15 02:35:20.518","1004","0","Sell"
"1","1129","1258","2021-04-15 02:35:21.332","1001","29","Sell"
"1","1130","1259","2021-04-15 02:35:21.514","1001","28","Sell"
"1","1131","-1254","2021-04-15 02:35:22.191","992","0","Buy"
"1","1132","1261","2021-04-15 02:35:22.390","999","70","Sell"
"1","1133","1262","2021-04-15 02:35:23.827","992","108","Buy"
"1","1134","1263","2021-04-15 02:35:28.393","1000","292","Sell"
"1","1135","-1244","2021-04-15 02:35:28.613","993","0","Buy"
"1","1136","1265","2021-04-15 02:35:29.134","0","836","Sell"
"1","1137","1266","2021-04-15 02:35:30.252","998","33","Sell"
"1","1138","1268","2021-04-15 02:35:31.147","997","66","Sell"
"1","1139","1269","2021-04-15 02:35:31.790","987","22","Buy"
"1","1140","1271","2021-04-15 02:35:32.891","986","22","Buy"
"1","1141","-1268","2021-04-15 02:35:33.768","997","0","Sell"
"1","1142","-1228","2021-04-15 02:35:33.970","1002","0","Sell"
"1","1143","1274","2021-04-15 02:35:35.727","986","40","Buy"
"1","1144","-1271","2021-04-15 02:35:37.361","986","0","Buy"
"1","1145","1276","2021-04-15 02:35:39.756","986","44","Buy"
"1","1146","-1276","2021-04-15 02:35:47.661","986","0","Buy"
"1","1147","1278","2021-04-15 02:35:49.562","988","23","Buy"
"1","1148","1279","2021-04-15 02:35:49.949","987","18953","Buy"
"1","1149","-1269","2021-04-15 02:35:51.978","987","0","Buy"
"1","1150","1281","2021-04-15 02:35:58.670","987","74","Buy"
"1","1151","-1266","2021-04-15 02:36:01.677","998","0","Sell"
"1","1152","-1261","2021-04-15 02:36:09.043","999","0","Sell"
"1","1153","1284","2021-04-15 02:36:11.654","989","25","Buy"
"1","1154","1285","2021-04-15 02:36:13.154","1001","176","Sell"
"1","1155","1286","2021-04-15 02:36:13.348","0","79","Buy"
"1","1156","1287","2021-04-15 02:36:15.753","0","259","Buy"
"1","1157","1288","2021-04-15 02:36:16.193","0","203","Sell"
"1","1158","-1246","2021-04-15 02:36:17.665","1000","0","Sell"
"1","1159","1290","2021-04-15 02:36:20.143","0","56","Sell"
"1","1160","1291","2021-04-15 02:36:20.721","1001","221","Sell"
"1","1161","1292","2021-04-15 02:36:21.688","988","33","Buy"
"1","1162","1293","2021-04-15 02:36:24.468","999","29","Sell"
"1","1163","1294","2021-04-15 02:36:24.754","987","42","Buy"
"1","1164","-1293","2021-04-15 02:36:28.892","999","0","Sell"
"1","1165","1296","2021-04-15 02:36:29.699","987","129","Buy"
"1","1166","1297","2021-04-15 02:36:30.312","0","60","Buy"
"1","1167","1298","2021-04-15 02:36:30.908","999","319","Sell"
"1","1168","1299","2021-04-15 02:36:31.397","998","52","Sell"
"1","1169","-1281","2021-04-15 02:36:31.791","987","0","Buy"
"1","1170","-1298","2021-04-15 02:36:38.305","999","0","Sell"
"1","1171","1302","2021-04-15 02:36:40.825","997","36","Sell"
"1","1172","1303","2021-04-15 02:36:42.247","996","45","Sell"
"1","1173","-1294","2021-04-15 02:36:42.613","987","0","Buy"
"1","1174","-1292","2021-04-15 02:36:42.727","988","0","Buy"
"1","1175","1306","2021-04-15 02:36:45.744","997","38","Sell"
"1","1176","-1274","2021-04-15 02:36:47.061","986","0","Buy"
"1","1177","1308","2021-04-15 02:36:47.105","988","40","Buy"
"1","1178","1309","2021-04-15 02:36:47.541","989","63","Buy"
"1","1179","-1291","2021-04-15 02:36:50.456","1001","0","Sell"
"1","1180","-1303","2021-04-15 02:36:52.251","996","0","Sell"
"1","1181","-1279","2021-04-15 02:36:53.649","987","0","Buy"
"1","1182","1313","2021-04-15 02:36:59.542","998","250","Sell"
"1","1183","-1245","2021-04-15 02:37:01.773","1002","0","Sell"
"1","1184","-1258","2021-04-15 02:37:07.905","1001","0","Sell"
"1","1185","1316","2021-04-15 02:37:10.792","990","20","Buy"
"1","1186","1317","2021-04-15 02:37:12.006","0","55","Sell"
"1","1187","1318","2021-04-15 02:37:14.132","0","104","Buy"
"1","1188","1319","2021-04-15 02:37:14.355","988","140","Buy"
"1","1189","-1309","2021-04-15 02:37:17.346","989","0","Buy"
"1","1190","1321","2021-04-15 02:37:19.327","999","85","Sell"
"1","1191","1322","2021-04-15 02:37:20.380","987","51","Buy"
"1","1192","1323","2021-04-15 02:37:22.905","0","555","Sell"
"1","1193","1325","2021-04-15 02:37:23.681","997","109","Buy"
"1","1194","-1299","2021-04-15 02:37:25.796","998","0","Sell"
"1","1195","-1313","2021-04-15 02:37:26.972","998","0","Sell"
"1","1196","1328","2021-04-15 02:37:28.328","996","31","Buy"
"1","1197","1329","2021-04-15 02:37:28.915","0","1786","Buy"
"1","1198","-1328","2021-04-15 02:37:29.222","996","0","Buy"
"1","1199","1332","2021-04-15 02:37:29.403","0","380","Sell"
"1","1200","1336","2021-04-15 02:37:31.139","1006","238","Sell"
"1","1201","1338","2021-04-15 02:37:32.355","996","76","Buy"
"1","1202","-1336","2021-04-15 02:37:32.467","1006","0","Sell"
"1","1203","1341","2021-04-15 02:37:33.864","995","50","Buy"
"1","1204","1342","2021-04-15 02:37:34.499","995","58","Buy"
"1","1205","1343","2021-04-15 02:37:34.899","1005","20","Sell"
"1","1206","1344","2021-04-15 02:37:35.656","1006","23","Sell"
"1","1207","1345","2021-04-15 02:37:36.231","997","24","Buy"
"1","1208","-1345","2021-04-15 02:37:37.378","997","0","Buy"
"1","1209","-1344","2021-04-15 02:37:37.920","1006","0","Sell"
"1","1210","1348","2021-04-15 02:37:38.606","0","56","Sell"
"1","1211","-1341","2021-04-15 02:37:38.857","995","0","Buy"
"1","1212","1350","2021-04-15 02:37:39.872","1004","52","Sell"
"1","1213","1351","2021-04-15 02:37:40.559","997","26","Buy"
"1","1214","-1351","2021-04-15 02:37:41.101","997","0","Buy"
"1","1215","1353","2021-04-15 02:37:42.894","995","1352","Buy"
"1","1216","1354","2021-04-15 02:37:43.643","1003","591","Sell"
"1","1217","-1343","2021-04-15 02:37:43.707","1005","0","Sell"
"1","1218","1356","2021-04-15 02:37:45.211","995","60","Buy"
"1","1219","1357","2021-04-15 02:37:46.461","1002","40","Sell"
"1","1220","1358","2021-04-15 02:37:46.881","1001","30","Sell"
"1","1221","-1358","2021-04-15 02:37:47.039","1001","0","Sell"
"1","1222","-1357","2021-04-15 02:37:47.979","1002","0","Sell"
"1","1223","1361","2021-04-15 02:37:48.946","0","288","Buy"
"1","1224","1362","2021-04-15 02:37:50.435","1004","55","Sell"
"1","1225","1363","2021-04-15 02:37:52.036","0","50","Sell"
"1","1226","1364","2021-04-15 02:37:53.573","1002","349","Sell"
"1","1227","1365","2021-04-15 02:37:54.546","996","95","Buy"
"1","1228","-1354","2021-04-15 02:37:54.548","1003","0","Sell"
"1","1229","1367","2021-04-15 02:37:56.923","1003","211","Sell"
"1","1230","1368","2021-04-15 02:37:58.800","1001","21","Sell"
"1","1231","1369","2021-04-15 02:38:04.800","1002","33","Sell"
"1","1232","1370","2021-04-15 02:38:07.582","0","81","Sell"
"1","1233","1371","2021-04-15 02:38:08.524","0","1206","Sell"
"1","1234","1372","2021-04-15 02:38:09.367","0","145","Buy"
"1","1235","-1356","2021-04-15 02:38:12.994","995","0","Buy"
"1","1236","1375","2021-04-15 02:38:26.407","1001","187","Sell"
"1","1237","1376","2021-04-15 02:38:27.355","1000","26","Sell"
"1","1238","1377","2021-04-15 02:38:27.513","999","29","Sell"
"1","1239","1378","2021-04-15 02:38:28.218","0","61","Sell"
"1","1240","-1377","2021-04-15 02:38:30.262","999","0","Sell"
"1","1241","1380","2021-04-15 02:38:33.924","0","50","Sell"
"1","1242","1381","2021-04-15 02:38:34.321","1001","40","Sell"
"1","1243","-1350","2021-04-15 02:38:34.712","1004","0","Sell"
"1","1244","1383","2021-04-15 02:38:35.416","0","220","Sell"
"1","1245","1384","2021-04-15 02:38:38.750","1001","40","Sell"
"1","1246","1385","2021-04-15 02:38:41.046","993","103","Buy"
"1","1247","1386","2021-04-15 02:38:41.709","992","420","Buy"
"1","1248","1387","2021-04-15 02:38:42.547","994","51","Buy"
"1","1249","1388","2021-04-15 02:38:44.652","0","71","Sell"
"1","1250","-1385","2021-04-15 02:38:45.279","993","0","Buy"
"1","1251","1390","2021-04-15 02:38:45.428","999","23","Sell"
"1","1252","1392","2021-04-15 02:38:50.165","991","33","Buy"
"1","1253","1393","2021-04-15 02:38:56.188","0","93","Buy"
"1","1254","1394","2021-04-15 02:38:57.886","993","113","Buy"
"1","1255","1395","2021-04-15 02:38:58.500","1002","261","Sell"
"1","1256","-1364","2021-04-15 02:38:59.358","1002","0","Sell"
"1","1257","-1395","2021-04-15 02:38:59.588","1002","0","Sell"
"1","1258","1398","2021-04-15 02:39:00.531","1000","60","Sell"
"1","1259","1399","2021-04-15 02:39:02.799","992","39","Buy"
"1","1260","1400","2021-04-15 02:39:02.885","1001","90","Sell"
"1","1261","-1394","2021-04-15 02:39:05.739","993","0","Buy"
"1","1262","1402","2021-04-15 02:39:06.113","1001","86","Sell"
"1","1263","1403","2021-04-15 02:39:06.313","1001","207","Sell"
"1","1264","1404","2021-04-15 02:39:06.626","999","80","Sell"
"1","1265","1405","2021-04-15 02:39:06.982","1000","1674","Sell"
"1","1266","-1404","2021-04-15 02:39:07.146","999","0","Sell"
"1","1267","-1402","2021-04-15 02:39:07.551","1001","0","Sell"
"1","1268","1408","2021-04-15 02:39:08.528","991","657","Buy"
"1","1269","-1408","2021-04-15 02:39:09.040","991","0","Buy"
"1","1270","-1386","2021-04-15 02:39:10.337","992","0","Buy"
"1","1271","1411","2021-04-15 02:39:11.138","991","20","Buy"
"1","1272","1412","2021-04-15 02:39:11.514","991","28","Buy"
"1","1273","1413","2021-04-15 02:39:12.002","991","65","Buy"
"1","1274","1414","2021-04-15 02:39:12.600","999","24","Sell"
"1","1275","-1375","2021-04-15 02:39:13.906","1001","0","Sell"
"1","1276","1416","2021-04-15 02:39:14.947","993","42","Buy"
"1","1277","-1414","2021-04-15 02:39:15.768","999","0","Sell"
"1","1278","1418","2021-04-15 02:39:16.687","994","25","Buy"
"1","1279","1419","2021-04-15 02:39:19.442","999","24","Sell"
"1","1280","-1413","2021-04-15 02:39:19.637","991","0","Buy"
"1","1281","1421","2021-04-15 02:39:20.797","0","52","Sell"
"1","1282","-1398","2021-04-15 02:39:21.251","1000","0","Sell"
"1","1283","1423","2021-04-15 02:39:21.376","998","36","Sell"
"1","1284","1424","2021-04-15 02:39:21.377","0","60","Buy"
"1","1285","1425","2021-04-15 02:39:21.927","0","157","Sell"
"1","1286","1427","2021-04-15 02:39:23.454","997","22","Buy"
"1","1287","1428","2021-04-15 02:39:23.690","996","46","Buy"
"1","1288","1429","2021-04-15 02:39:24.176","998","65","Buy"
"1","1289","1430","2021-04-15 02:39:24.177","997","59","Buy"
"1","1290","1431","2021-04-15 02:39:25.575","997","31","Buy"
"1","1291","1432","2021-04-15 02:39:25.934","1001","62","Sell"
"1","1292","1433","2021-04-15 02:39:26.432","999","41","Buy"
"1","1293","-1405","2021-04-15 02:39:26.703","1000","0","Sell"
"1","1294","1435","2021-04-15 02:39:27.851","998","26","Buy"
"1","1295","-1433","2021-04-15 02:39:28.099","999","0","Buy"
"1","1296","1437","2021-04-15 02:39:28.285","1000","791","Sell"
"1","1297","1438","2021-04-15 02:39:28.326","999","61","Sell"
"1","1298","1439","2021-04-15 02:39:28.331","998","20","Sell"
"1","1299","1440","2021-04-15 02:39:29.769","1000","54","Sell"
"1","1300","1441","2021-04-15 02:39:30.832","1000","241","Sell"
"1","1301","-1369","2021-04-15 02:39:31.222","1002","0","Sell"
"1","1302","1443","2021-04-15 02:39:31.341","0","68","Buy"
"1","1303","1444","2021-04-15 02:39:31.648","997","101","Buy"
"1","1304","-1428","2021-04-15 02:39:31.741","996","0","Buy"
"1","1305","1446","2021-04-15 02:39:32.108","997","68","Buy"
"1","1306","1447","2021-04-15 02:39:32.461","999","128","Sell"
"1","1307","-1435","2021-04-15 02:39:32.681","998","0","Buy"
"1","1308","1449","2021-04-15 02:39:32.790","1000","31","Sell"
"1","1309","1450","2021-04-15 02:39:32.832","1000","22","Sell"
"1","1310","1451","2021-04-15 02:39:34.372","1000","28","Sell"
"1","1311","1452","2021-04-15 02:39:35.063","999","95","Buy"
"1","1312","-1381","2021-04-15 02:39:36.498","1001","0","Sell"
"1","1313","1454","2021-04-15 02:39:38.251","998","73","Sell"
"1","1314","1455","2021-04-15 02:39:38.287","0","61","Buy"
"1","1315","1456","2021-04-15 02:39:41.119","1001","101","Sell"
"1","1316","1457","2021-04-15 02:39:41.189","998","57","Buy"
"1","1317","-1430","2021-04-15 02:39:41.354","997","0","Buy"
"1","1318","-1451","2021-04-15 02:39:46.692","1000","0","Sell"
"1","1319","-1403","2021-04-15 02:39:50.192","1001","0","Sell"
"1","1320","1461","2021-04-15 02:39:50.356","999","26","Sell"
"1","1321","1462","2021-04-15 02:39:55.610","998","718","Sell"
"1","1322","1463","2021-04-15 02:39:57.137","996","25","Buy"
"1","1323","-1446","2021-04-15 02:39:57.677","997","0","Buy"
"1","1324","1465","2021-04-15 02:39:59.702","997","41","Sell"
"1","1325","1466","2021-04-15 02:40:05.933","997","29","Sell"
"1","1326","-1456","2021-04-15 02:40:20.520","1001","0","Sell"
"1","1327","1468","2021-04-15 02:40:24.569","0","55","Buy"
"1","1328","1469","2021-04-15 02:40:30.087","999","24","Sell"
"1","1329","1470","2021-04-15 02:40:33.961","996","42","Buy"
"1","1330","1471","2021-04-15 02:40:37.550","999","23","Sell"
"1","1331","-1462","2021-04-15 02:40:38.656","998","0","Sell"
"1","1332","-1384","2021-04-15 02:40:42.177","1001","0","Sell"
"1","1333","-1444","2021-04-15 02:40:42.940","997","0","Buy"
"1","1334","1476","2021-04-15 02:40:46.634","995","34","Buy"
"1","1335","1477","2021-04-15 02:40:54.330","995","78","Buy"
"1","1336","1478","2021-04-15 02:40:55.096","998","22","Sell"
"1","1337","1479","2021-04-15 02:40:57.266","999","69","Sell"
"1","1338","1480","2021-04-15 02:40:57.630","0","55","Buy"
"1","1339","1481","2021-04-15 02:40:57.661","995","101","Buy"
"1","1340","1482","2021-04-15 02:40:59.106","998","22","Sell"
"1","1341","1483","2021-04-15 02:40:59.413","0","81","Buy"
"1","1342","-1477","2021-04-15 02:41:00.562","995","0","Buy"
"1","1343","1485","2021-04-15 02:41:01.497","0","83","Sell"
"1","1344","1486","2021-04-15 02:41:02.712","998","88","Sell"
"1","1345","1487","2021-04-15 02:41:02.989","994","46","Buy"
"1","1346","1488","2021-04-15 02:41:06.339","997","29","Sell"
"1","1347","-1481","2021-04-15 02:41:06.740","995","0","Buy"
"1","1348","1490","2021-04-15 02:41:07.040","996","591","Buy"
"1","1349","-1400","2021-04-15 02:41:07.859","1001","0","Sell"
"1","1350","1492","2021-04-15 02:41:08.195","996","22","Sell"
"1","1351","-1437","2021-04-15 02:41:08.314","1000","0","Sell"
"1","1352","-1479","2021-04-15 02:41:08.507","999","0","Sell"
"1","1353","-1490","2021-04-15 02:41:08.646","996","0","Buy"
"1","1354","1496","2021-04-15 02:41:09.166","996","48","Sell"
"1","1355","-1496","2021-04-15 02:41:09.171","996","0","Sell"
"1","1356","1498","2021-04-15 02:41:09.442","994","87","Buy"
"1","1357","-1476","2021-04-15 02:41:09.598","995","0","Buy"
"1","1358","1500","2021-04-15 02:41:10.530","995","114","Buy"
"1","1359","1501","2021-04-15 02:41:11.448","996","44","Sell"
"1","1360","-1501","2021-04-15 02:41:11.684","996","0","Sell"
"1","1361","1503","2021-04-15 02:41:12.739","0","100","Buy"
"1","1362","1504","2021-04-15 02:41:14.426","994","43","Buy"
"1","1363","-1441","2021-04-15 02:41:14.532","1000","0","Sell"
"1","1364","-1487","2021-04-15 02:41:14.984","994","0","Buy"
"1","1365","1507","2021-04-15 02:41:15.302","999","34","Sell"
"1","1366","-1500","2021-04-15 02:41:15.736","995","0","Buy"
"1","1367","-1486","2021-04-15 02:41:15.952","998","0","Sell"
"1","1368","1510","2021-04-15 02:41:17.837","995","45","Buy"
"1","1369","1511","2021-04-15 02:41:20.490","1000","157","Sell"
"1","1370","-1498","2021-04-15 02:41:20.522","994","0","Buy"
"1","1371","1513","2021-04-15 02:41:21.068","994","22","Buy"
"1","1372","-1450","2021-04-15 02:41:21.864","1000","0","Sell"
"1","1373","1515","2021-04-15 02:41:21.914","998","108","Sell"
"1","1374","1516","2021-04-15 02:41:21.920","994","70","Buy"
"1","1375","1517","2021-04-15 02:41:23.163","994","614","Buy"
"1","1376","1518","2021-04-15 02:41:23.466","994","52","Buy"
"1","1377","1519","2021-04-15 02:41:24.907","994","30","Buy"
"1","1378","-1515","2021-04-15 02:41:26.100","998","0","Sell"
"1","1379","-1510","2021-04-15 02:41:29.060","995","0","Buy"
"1","1380","1523","2021-04-15 02:41:30.830","1000","61","Sell"
"1","1381","1524","2021-04-15 02:41:31.343","995","165","Buy"
"1","1382","1525","2021-04-15 02:41:32.172","1000","92","Sell"
"1","1383","1526","2021-04-15 02:41:32.638","0","72","Buy"
"1","1384","-1524","2021-04-15 02:41:32.857","995","0","Buy"
"1","1385","1528","2021-04-15 02:41:35.539","993","175","Buy"
"1","1386","1529","2021-04-15 02:41:35.833","995","35","Buy"
"1","1387","-1518","2021-04-15 02:41:37.179","994","0","Buy"
"1","1388","1531","2021-04-15 02:41:37.376","0","157","Sell"
"1","1389","1532","2021-04-15 02:41:37.717","1001","61","Sell"
"1","1390","1533","2021-04-15 02:41:37.809","0","172","Buy"
"1","1391","1534","2021-04-15 02:41:37.926","995","343","Buy"
"1","1392","-1362","2021-04-15 02:41:38.515","1004","0","Sell"
"1","1393","-1519","2021-04-15 02:41:38.948","994","0","Buy"
"1","1394","1537","2021-04-15 02:41:39.055","996","61","Buy"
"1","1395","-1537","2021-04-15 02:41:39.099","996","0","Buy"
"1","1396","1539","2021-04-15 02:41:40.280","0","188","Buy"
"1","1397","-1534","2021-04-15 02:41:40.337","995","0","Buy"
"1","1398","1541","2021-04-15 02:41:40.338","0","164","Buy"
"1","1399","1542","2021-04-15 02:41:40.417","0","255","Buy"
"1","1400","-1528","2021-04-15 02:41:40.603","993","0","Buy"
"1","1401","1547","2021-04-15 02:41:41.819","995","62","Buy"
"1","1402","1549","2021-04-15 02:41:41.955","996","60","Buy"
"1","1403","-1549","2021-04-15 02:41:42.689","996","0","Buy"
"1","1404","1551","2021-04-15 02:41:43.008","1000","35","Sell"
"1","1405","1552","2021-04-15 02:41:43.898","0","67","Sell"
"1","1406","1554","2021-04-15 02:41:44.484","1001","202","Sell"
"1","1407","-1551","2021-04-15 02:41:45.106","1000","0","Sell"
"1","1408","1556","2021-04-15 02:41:45.375","1000","2227","Sell"
"1","1409","1557","2021-04-15 02:41:46.185","995","21","Buy"
"1","1410","-1557","2021-04-15 02:41:48.440","995","0","Buy"
"1","1411","-1556","2021-04-15 02:41:49.242","1000","0","Sell"
"1","1412","1561","2021-04-15 02:41:50.126","995","65","Buy"
"1","1413","1562","2021-04-15 02:41:51.852","0","69","Sell"
"1","1414","1563","2021-04-15 02:41:51.927","993","157","Buy"
"1","1415","1564","2021-04-15 02:41:52.338","993","34","Buy"
"1","1416","-1517","2021-04-15 02:41:52.689","994","0","Buy"
"1","1417","1566","2021-04-15 02:41:53.140","0","2661","Sell"
"1","1418","1567","2021-04-15 02:41:53.357","999","116","Buy"
"1","1419","1568","2021-04-15 02:41:53.779","0","66","Buy"
"1","1420","1570","2021-04-15 02:41:54.525","1002","107","Sell"
"1","1421","1571","2021-04-15 02:41:54.535","1002","52","Sell"
"1","1422","1572","2021-04-15 02:41:55.901","1000","23","Sell"
"1","1423","-1572","2021-04-15 02:41:56.130","1000","0","Sell"
"1","1424","-1567","2021-04-15 02:41:56.274","999","0","Buy"
"1","1425","1575","2021-04-15 02:41:57.435","991","84","Buy"
"1","1426","-1575","2021-04-15 02:41:58.286","991","0","Buy"
"1","1427","1577","2021-04-15 02:41:59.193","1000","24","Sell"
"1","1428","1578","2021-04-15 02:41:59.960","995","48","Buy"
"1","1429","-1578","2021-04-15 02:42:02.720","995","0","Buy"
"1","1430","1581","2021-04-15 02:42:03.335","1001","21","Sell"
"1","1431","1582","2021-04-15 02:42:03.567","999","20","Sell"
"1","1432","1585","2021-04-15 02:42:06.201","994","24","Buy"
"1","1433","1586","2021-04-15 02:42:06.260","995","35","Buy"
"1","1434","1587","2021-04-15 02:42:07.414","998","33","Sell"
"1","1435","-1585","2021-04-15 02:42:09.190","994","0","Buy"
"1","1436","1589","2021-04-15 02:42:10.987","0","56","Sell"
"1","1437","1590","2021-04-15 02:42:11.214","0","136","Buy"
"1","1438","1592","2021-04-15 02:42:11.714","1002","35","Sell"
"1","1439","1593","2021-04-15 02:42:13.301","996","50","Buy"
"1","1440","-1571","2021-04-15 02:42:15.765","1002","0","Sell"
"1","1441","-1592","2021-04-15 02:42:18.807","1002","0","Sell"
"1","1442","-1593","2021-04-15 02:42:19.586","996","0","Buy"
"1","1443","1598","2021-04-15 02:42:20.386","1002","29","Sell"
"1","1444","1599","2021-04-15 02:42:22.977","1000","62","Sell"
"1","1445","1601","2021-04-15 02:42:26.077","990","26","Buy"
"1","1446","-1570","2021-04-15 02:42:27.266","1002","0","Sell"
"1","1447","1603","2021-04-15 02:42:28.856","989","23","Buy"
"1","1448","-1599","2021-04-15 02:42:29.037","1000","0","Sell"
"1","1449","1605","2021-04-15 02:42:34.225","1000","25","Sell"
"1","1450","-1554","2021-04-15 02:42:35.407","1001","0","Sell"
"1","1451","-1603","2021-04-15 02:42:37.468","989","0","Buy"
"1","1452","1608","2021-04-15 02:42:40.053","1001","72","Sell"
"1","1453","1609","2021-04-15 02:42:42.582","1001","62","Sell"
"1","1454","1610","2021-04-15 02:42:42.954","999","24","Sell"
"1","1455","-1609","2021-04-15 02:42:44.835","1001","0","Sell"
"1","1456","1612","2021-04-15 02:42:45.720","989","48","Buy"
"1","1457","-1581","2021-04-15 02:42:45.890","1001","0","Sell"
"1","1458","-1610","2021-04-15 02:42:46.020","999","0","Sell"
"1","1459","1615","2021-04-15 02:42:46.866","1001","47","Sell"
"1","1460","1616","2021-04-15 02:42:47.547","999","32","Sell"
"1","1461","-1612","2021-04-15 02:42:48.044","989","0","Buy"
"1","1462","-1616","2021-04-15 02:42:49.736","999","0","Sell"
"1","1463","-1608","2021-04-15 02:42:49.776","1001","0","Sell"
"1","1464","-1601","2021-04-15 02:42:50.753","990","0","Buy"
"1","1465","1621","2021-04-15 02:42:53.353","1001","25","Sell"
"1","1466","-1621","2021-04-15 02:43:00.245","1001","0","Sell"
"1","1467","1625","2021-04-15 02:43:02.748","999","26","Sell"
"1","1468","-1605","2021-04-15 02:43:05.803","1000","0","Sell"
"1","1469","1628","2021-04-15 02:43:07.688","998","20","Sell"
"1","1470","-1598","2021-04-15 02:43:09.033","1002","0","Sell"
"1","1471","-1615","2021-04-15 02:43:10.338","1001","0","Sell"
"1","1472","1632","2021-04-15 02:43:15.970","997","445","Buy"
"1","1473","1633","2021-04-15 02:43:17.070","0","1360","Buy"
"1","1474","1635","2021-04-15 02:43:22.747","1007","449","Sell"
"1","1475","1636","2021-04-15 02:43:22.751","1008","24","Sell"
"1","1476","1637","2021-04-15 02:43:24.762","996","29","Buy"
"1","1477","-1636","2021-04-15 02:43:24.950","1008","0","Sell"
"1","1478","1639","2021-04-15 02:43:26.632","0","68","Buy"
"1","1479","1641","2021-04-15 02:43:27.716","1006","46","Sell"
"1","1480","1642","2021-04-15 02:43:33.118","998","22","Buy"
"1","1481","-1642","2021-04-15 02:43:37.688","998","0","Buy"
"1","1482","-1632","2021-04-15 02:43:37.995","997","0","Buy"
"1","1483","1646","2021-04-15 02:43:42.691","1007","27","Sell"
"1","1484","1647","2021-04-15 02:44:08.212","1005","120","Sell"
"1","1485","1648","2021-04-15 02:44:09.725","995","52","Buy"
"1","1486","1649","2021-04-15 02:44:14.868","1004","44","Sell"
"1","1487","-1637","2021-04-15 02:44:15.674","996","0","Buy"
"1","1488","1651","2021-04-15 02:44:16.385","1003","33","Sell"
"1","1489","1652","2021-04-15 02:44:19.014","994","64","Buy"
"1","1490","-1651","2021-04-15 02:44:19.649","1003","0","Sell"
"1","1491","-1652","2021-04-15 02:44:31.005","994","0","Buy"
"1","1492","-1649","2021-04-15 02:44:31.100","1004","0","Sell"
"1","1493","-1648","2021-04-15 02:44:33.034","995","0","Buy"
"1","1494","1657","2021-04-15 02:44:33.290","1006","23","Sell"
"1","1495","1658","2021-04-15 02:44:33.708","0","156","Buy"
"1","1496","1659","2021-04-15 02:44:33.995","1005","26","Sell"
"1","1497","1660","2021-04-15 02:44:34.228","1000","143","Buy"
"1","1498","-1659","2021-04-15 02:44:34.445","1005","0","Sell"
"1","1499","1662","2021-04-15 02:44:34.946","1007","39","Sell"
"1","1500","1663","2021-04-15 02:44:36.722","999","24","Buy"
"1","1501","1664","2021-04-15 02:44:36.799","999","24","Buy"
"1","1502","-1662","2021-04-15 02:44:38.111","1007","0","Sell"
"1","1503","-1663","2021-04-15 02:44:38.542","999","0","Buy"
"1","1504","1667","2021-04-15 02:44:39.449","0","336","Buy"
"1","1505","1668","2021-04-15 02:44:41.288","1006","32","Sell"
"1","1506","1669","2021-04-15 02:44:41.410","0","103","Sell"
"1","1507","1670","2021-04-15 02:44:41.516","1001","22","Buy"
"1","1508","-1664","2021-04-15 02:44:41.954","999","0","Buy"
"1","1509","-1660","2021-04-15 02:44:42.352","1000","0","Buy"
"1","1510","-1646","2021-04-15 02:44:42.683","1007","0","Sell"
"1","1511","1674","2021-04-15 02:44:44.186","1005","54","Sell"
"1","1512","1675","2021-04-15 02:44:45.528","1002","20","Buy"
"1","1513","1676","2021-04-15 02:44:47.345","0","253","Buy"
"1","1514","-1670","2021-04-15 02:44:48.838","1001","0","Buy"
"1","1515","1681","2021-04-15 02:44:49.590","1008","41","Sell"
"1","1516","1682","2021-04-15 02:44:49.884","0","165","Sell"
"1","1517","-1681","2021-04-15 02:44:50.414","1008","0","Sell"
"1","1518","1685","2021-04-15 02:44:51.933","1005","37","Buy"
"1","1519","1686","2021-04-15 02:44:52.024","1006","122","Buy"
"1","1520","1687","2021-04-15 02:44:52.642","1005","142","Buy"
"1","1521","1690","2021-04-15 02:44:53.863","1010","57","Sell"
"1","1522","1691","2021-04-15 02:44:53.938","1007","118","Buy"
"1","1523","1692","2021-04-15 02:44:54.645","1011","27","Sell"
"1","1524","1693","2021-04-15 02:44:54.677","1006","49","Buy"
"1","1525","-1691","2021-04-15 02:44:54.844","1007","0","Buy"
"1","1526","-1693","2021-04-15 02:44:56.295","1006","0","Buy"
"1","1527","1696","2021-04-15 02:44:57.291","1007","23","Buy"
"1","1528","1697","2021-04-15 02:44:57.635","1009","28","Sell"
"1","1529","-1696","2021-04-15 02:44:57.726","1007","0","Buy"
"1","1530","1699","2021-04-15 02:44:58.400","1007","27","Buy"
"1","1531","1700","2021-04-15 02:44:58.693","0","311","Sell"
"1","1532","1701","2021-04-15 02:44:59.863","1004","26","Buy"
"1","1533","1702","2021-04-15 02:45:00.132","1004","24","Buy"
"1","1534","-1697","2021-04-15 02:45:00.466","1009","0","Sell"
"1","1535","-1687","2021-04-15 02:45:02.246","1005","0","Buy"
"1","1536","1705","2021-04-15 02:45:02.349","1009","30","Sell"
"1","1537","-1692","2021-04-15 02:45:03.013","1011","0","Sell"
"1","1538","1707","2021-04-15 02:45:03.096","0","85","Sell"
"1","1539","-1705","2021-04-15 02:45:03.234","1009","0","Sell"
"1","1540","1709","2021-04-15 02:45:03.586","0","269","Buy"
"1","1541","1710","2021-04-15 02:45:04.435","1005","22","Buy"
"1","1542","-1710","2021-04-15 02:45:06.640","1005","0","Buy"
"1","1543","1717","2021-04-15 02:45:11.457","1006","20","Buy"
"1","1544","1718","2021-04-15 02:45:12.358","1013","217","Sell"
"1","1545","1719","2021-04-15 02:45:13.258","1007","27","Buy"
"1","1546","-1719","2021-04-15 02:45:15.340","1007","0","Buy"
"1","1547","1722","2021-04-15 02:45:15.988","1007","39","Buy"
"1","1548","1723","2021-04-15 02:45:19.673","1014","80","Sell"
"1","1549","-1717","2021-04-15 02:45:20.140","1006","0","Buy"
"1","1550","1725","2021-04-15 02:45:20.665","1012","80","Sell"
"1","1551","1726","2021-04-15 02:45:21.488","0","129","Buy"
"1","1552","1728","2021-04-15 02:45:24.370","1014","23","Sell"
"1","1553","-1723","2021-04-15 02:45:30.072","1014","0","Sell"
"1","1554","1732","2021-04-15 02:45:32.037","1014","30","Sell"
"1","1555","1733","2021-04-15 02:45:33.729","1008","29","Buy"
"1","1556","-1733","2021-04-15 02:45:34.079","1008","0","Buy"
"1","1557","-1732","2021-04-15 02:45:34.612","1014","0","Sell"
"1","1558","1736","2021-04-15 02:45:38.468","1008","87","Buy"
"1","1559","1737","2021-04-15 02:45:41.295","1014","459","Sell"
"1","1560","-1728","2021-04-15 02:45:42.733","1014","0","Sell"
"1","1561","1739","2021-04-15 02:45:42.968","1014","25","Sell"
"1","1562","1740","2021-04-15 02:45:43.937","1012","67","Sell"
"1","1563","-1736","2021-04-15 02:45:45.509","1008","0","Buy"
"1","1564","1742","2021-04-15 02:45:46.861","1008","203","Buy"
"1","1565","1743","2021-04-15 02:45:47.944","1009","217","Buy"
"1","1566","1744","2021-04-15 02:45:49.872","1013","75","Sell"
"1","1567","1745","2021-04-15 02:45:50.248","1008","62","Buy"
"1","1568","1746","2021-04-15 02:45:50.269","1010","42","Buy"
"1","1569","1747","2021-04-15 02:45:54.153","1011","36","Sell"
"1","1570","-1747","2021-04-15 02:45:54.566","1011","0","Sell"
"1","1571","-1718","2021-04-15 02:45:58.147","1013","0","Sell"
"1","1572","-1745","2021-04-15 02:45:58.375","1008","0","Buy"
"1","1573","-1746","2021-04-15 02:45:58.378","1010","0","Buy"
"1","1574","-1744","2021-04-15 02:45:58.789","1013","0","Sell"
"1","1575","1753","2021-04-15 02:45:59.263","0","52","Sell"
"1","1576","-1743","2021-04-15 02:45:59.476","1009","0","Buy"
"1","1577","1755","2021-04-15 02:45:59.788","1007","49","Buy"
"1","1578","1756","2021-04-15 02:45:59.909","1013","54","Sell"
"1","1579","1757","2021-04-15 02:46:00.750","1007","24","Buy"
"1","1580","1758","2021-04-15 02:46:01.079","1013","55","Sell"
"1","1581","1759","2021-04-15 02:46:01.221","1013","70","Sell"
"1","1582","-1742","2021-04-15 02:46:02.671","1008","0","Buy"
"1","1583","1761","2021-04-15 02:46:03.827","1013","244","Sell"
"1","1584","1762","2021-04-15 02:46:03.922","0","57","Sell"
"1","1585","1763","2021-04-15 02:46:04.108","1011","26","Sell"
"1","1586","1764","2021-04-15 02:46:04.430","0","270","Sell"
"1","1587","1768","2021-04-15 02:46:06.977","1008","56","Buy"
"1","1588","-1763","2021-04-15 02:46:08.721","1011","0","Sell"
"1","1589","1771","2021-04-15 02:46:08.876","0","56","Buy"
"1","1590","-1768","2021-04-15 02:46:09.219","1008","0","Buy"
"1","1591","-1740","2021-04-15 02:46:09.289","1012","0","Sell"
"1","1592","-1737","2021-04-15 02:46:15.416","1014","0","Sell"
"1","1593","1777","2021-04-15 02:46:16.654","1008","33","Buy"
"1","1594","-1739","2021-04-15 02:46:19.273","1014","0","Sell"
"1","1595","1781","2021-04-15 02:46:20.491","0","107","Buy"
"1","1596","1783","2021-04-15 02:46:23.927","0","51","Buy"
"1","1597","-1761","2021-04-15 02:46:24.435","1013","0","Sell"
"1","1598","1785","2021-04-15 02:46:28.322","1012","65","Sell"
"1","1599","1786","2021-04-15 02:46:30.274","1007","35","Buy"
"1","1600","1787","2021-04-15 02:46:30.656","1009","43","Buy"
"1","1601","1788","2021-04-15 02:46:31.408","1008","53","Buy"
"1","1602","1789","2021-04-15 02:46:33.415","0","107","Buy"
"1","1603","1790","2021-04-15 02:46:34.040","1008","56","Buy"
"1","1604","-1790","2021-04-15 02:46:35.707","1008","0","Buy"
"1","1605","1792","2021-04-15 02:46:36.392","1008","70","Buy"
"1","1606","1793","2021-04-15 02:46:36.658","1015","24","Sell"
"1","1607","1794","2021-04-15 02:46:37.208","1014","113","Sell"
"1","1608","-1777","2021-04-15 02:46:38.005","1008","0","Buy"
"1","1609","1796","2021-04-15 02:46:38.209","0","106","Buy"
"1","1610","1797","2021-04-15 02:46:38.857","1013","48","Sell"
"1","1611","-1793","2021-04-15 02:46:39.160","1015","0","Sell"
"1","1612","-1794","2021-04-15 02:46:43.782","1014","0","Sell"
"1","1613","-1797","2021-04-15 02:46:48.111","1013","0","Sell"
"1","1614","-1787","2021-04-15 02:46:49.690","1009","0","Buy"
"1","1615","1803","2021-04-15 02:46:51.551","1011","41","Sell"
"1","1616","1804","2021-04-15 02:46:52.275","1012","140","Sell"
"1","1617","1805","2021-04-15 02:46:54.373","0","2167","Buy"
"1","1618","1806","2021-04-15 02:46:54.957","1007","183","Buy"
"1","1619","1808","2021-04-15 02:46:57.273","1009","23","Buy"
"1","1620","1809","2021-04-15 02:46:57.380","1010","23","Buy"
"1","1621","1812","2021-04-15 02:47:00.252","1011","84","Buy"
"1","1622","1813","2021-04-15 02:47:00.473","1010","66","Buy"
"1","1623","1814","2021-04-15 02:47:00.927","1018","20","Sell"
"1","1624","1815","2021-04-15 02:47:01.184","1010","54","Buy"
"1","1625","-1812","2021-04-15 02:47:01.256","1011","0","Buy"
"1","1626","1817","2021-04-15 02:47:01.731","1017","25","Sell"
"1","1627","1818","2021-04-15 02:47:01.924","1016","152","Sell"
"1","1628","1819","2021-04-15 02:47:03.423","1009","26","Buy"
"1","1629","1820","2021-04-15 02:47:03.477","1011","24","Buy"
"1","1630","1821","2021-04-15 02:47:03.764","1010","30","Buy"
"1","1631","-1817","2021-04-15 02:47:03.932","1017","0","Sell"
"1","1632","1823","2021-04-15 02:47:04.755","1010","33","Buy"
"1","1633","-1814","2021-04-15 02:47:05.099","1018","0","Sell"
"1","1634","-1820","2021-04-15 02:47:05.525","1011","0","Buy"
"1","1635","1827","2021-04-15 02:47:05.902","1015","49","Sell"
"1","1636","-1792","2021-04-15 02:47:07.204","1008","0","Buy"
"1","1637","1829","2021-04-15 02:47:07.745","1011","21","Buy"
"1","1638","1830","2021-04-15 02:47:07.874","1010","25","Buy"
"1","1639","-1813","2021-04-15 02:47:09.206","1010","0","Buy"
"1","1640","-1818","2021-04-15 02:47:09.716","1016","0","Sell"
"1","1641","-1827","2021-04-15 02:47:10.599","1015","0","Sell"
"1","1642","1834","2021-04-15 02:47:11.012","1019","38","Sell"
"1","1643","1835","2021-04-15 02:47:11.070","1012","27","Buy"
"1","1644","1836","2021-04-15 02:47:12.001","1011","31","Buy"
"1","1645","1837","2021-04-15 02:47:13.833","1011","27","Buy"
"1","1646","1838","2021-04-15 02:47:13.835","1020","25","Sell"
"1","1647","-1834","2021-04-15 02:47:13.981","1019","0","Sell"
