"SecurityId","OrderId","ClientOrderId","DateTime","Price","Volume","Side"
"1","1","1","2021-04-15 01:26:09.458","1000","87","Sell"
"1","2","3","2021-04-15 01:26:11.141","1001","103","Sell"
"1","3","4","2021-04-15 01:26:11.144","1001","77","Sell"
"1","4","-1","2021-04-15 01:26:11.339","1000","0","Sell"
"1","5","7","2021-04-15 01:26:11.342","1000","27","Sell"
"1","6","8","2021-04-15 01:26:11.345","999","46","Sell"
"1","7","-8","2021-04-15 01:26:11.349","999","0","Sell"
"1","8","-3","2021-04-15 01:26:11.353","1001","0","Sell"
"1","9","11","2021-04-15 01:26:11.356","0","120","Buy"
"1","10","13","2021-04-15 01:26:11.363","1004","28","Sell"
"1","11","15","2021-04-15 01:26:11.368","998","86","Buy"
"1","12","-13","2021-04-15 01:26:11.374","1004","0","Sell"
"1","13","17","2021-04-15 01:26:11.377","999","21","Buy"
"1","14","18","2021-04-15 01:26:11.379","1000","35","Sell"
"1","15","19","2021-04-15 01:26:11.382","1001","221","Sell"
"1","16","20","2021-04-15 01:26:11.385","1000","28","Buy"
"1","17","-17","2021-04-15 01:26:11.390","999","0","Buy"
"1","18","22","2021-04-15 01:26:11.392","997","34","Buy"
"1","19","23","2021-04-15 01:26:11.394","999","85","Buy"
"1","20","24","2021-04-15 01:26:11.397","1001","25","Sell"
"1","21","25","2021-04-15 01:26:11.399","998","131","Buy"
"1","22","26","2021-04-15 01:26:11.402","1000","35","Buy"
"1","23","27","2021-04-15 01:26:11.406","999","28","Buy"
"1","24","29","2021-04-15 01:26:11.412","999","139","Buy"
"1","25","30","2021-04-15 01:26:11.414","1000","36","Sell"
"1","26","31","2021-04-15 01:26:11.417","998","66","Buy"
"1","27","-30","2021-04-15 01:26:11.422","1000","0","Sell"
"1","28","33","2021-04-15 01:26:11.425","1002","130","Sell"
"1","29","34","2021-04-15 01:26:11.427","1000","241","Sell"
"1","30","-19","2021-04-15 01:26:11.432","1001","0","Sell"
"1","31","-22","2021-04-15 01:26:11.438","997","0","Buy"
"1","32","37","2021-04-15 01:26:11.440","999","100","Sell"
"1","33","-34","2021-04-15 01:26:11.445","1000","0","Sell"
"1","34","39","2021-04-15 01:26:11.448","0","165","Sell"
"1","35","40","2021-04-15 01:26:11.450","1000","40","Sell"
"1","36","-24","2021-04-15 01:26:11.455","1001","0","Sell"
"1","37","42","2021-04-15 01:26:11.457","0","72","Buy"
"1","38","-33","2021-04-15 01:26:11.461","1002","0","Sell"
"1","39","44","2021-04-15 01:26:11.464","0","80","Sell"
"1","40","45","2021-04-15 01:26:11.467","1005","45","Sell"
"1","41","46","2021-04-15 01:26:11.470","997","23","Buy"
"1","42","-46","2021-04-15 01:26:11.475","997","0","Buy"
"1","43","48","2021-04-15 01:26:11.477","1006","182","Sell"
"1","44","49","2021-04-15 01:26:11.480","1006","55","Sell"
"1","45","50","2021-04-15 01:26:11.482","1004","36","Sell"
"1","46","51","2021-04-15 01:26:11.486","1005","39","Sell"
"1","47","52","2021-04-15 01:26:11.488","1003","63","Sell"
"1","48","53","2021-04-15 01:26:11.491","999","82","Buy"
"1","49","-45","2021-04-15 01:26:11.496","1005","0","Sell"
"1","50","55","2021-04-15 01:26:11.498","1000","38","Buy"
"1","51","56","2021-04-15 01:26:11.501","0","230","Sell"
"1","52","-25","2021-04-15 01:26:11.506","998","0","Buy"
"1","53","-49","2021-04-15 01:26:11.511","1006","0","Sell"
"1","54","59","2021-04-15 01:26:11.513","0","50","Buy"
"1","55","60","2021-04-15 01:26:11.515","999","416","Buy"
"1","56","-52","2021-04-15 01:26:11.520","1003","0","Sell"
"1","57","-60","2021-04-15 01:26:11.524","999","0","Buy"
"1","58","63","2021-04-15 01:26:11.526","1003","135","Sell"
"1","59","64","2021-04-15 01:26:11.528","1002","41","Sell"
"1","60","65","2021-04-15 01:26:11.531","1003","35","Sell"
"1","61","66","2021-04-15 01:26:11.533","1001","73","Sell"
"1","62","67","2021-04-15 01:26:11.536","1000","20","Sell"
"1","63","68","2021-04-15 01:26:11.539","997","46","Buy"
"1","64","69","2021-04-15 01:26:11.541","997","36","Buy"
"1","65","70","2021-04-15 01:26:11.544","997","39","Buy"
"1","66","71","2021-04-15 01:26:11.545","1001","303","Sell"
"1","67","72","2021-04-15 01:26:11.547","1001","22","Sell"
"1","68","73","2021-04-15 01:26:11.549","1001","73","Sell"
"1","69","-68","2021-04-15 01:26:11.555","997","0","Buy"
"1","70","75","2021-04-15 01:26:11.557","999","48","Sell"
"1","71","-67","2021-04-15 01:26:11.563","1000","0","Sell"
"1","72","77","2021-04-15 01:26:11.565","999","21","Buy"
"1","73","78","2021-04-15 01:26:11.568","999","32","Buy"
"1","74","79","2021-04-15 01:26:11.571","1002","22","Sell"
"1","75","80","2021-04-15 01:26:11.574","1002","22","Sell"
"1","76","-80","2021-04-15 01:26:11.579","1002","0","Sell"
"1","77","-78","2021-04-15 01:26:11.584","999","0","Buy"
"1","78","83","2021-04-15 01:26:11.586","999","31","Buy"
"1","79","84","2021-04-15 01:26:11.589","1002","32","Sell"
"1","80","85","2021-04-15 01:26:11.591","998","285","Buy"
"1","81","-31","2021-04-15 01:26:11.596","998","0","Buy"
"1","82","-83","2021-04-15 01:26:11.601","999","0","Buy"
"1","83","-71","2021-04-15 01:26:11.606","1001","0","Sell"
"1","84","89","2021-04-15 01:26:11.609","1000","30","Sell"
"1","85","90","2021-04-15 01:26:11.611","997","43","Buy"
"1","86","91","2021-04-15 01:26:11.613","1001","357","Sell"
"1","87","92","2021-04-15 01:26:11.615","1001","25","Sell"
"1","88","-65","2021-04-15 01:26:11.620","1003","0","Sell"
"1","89","-91","2021-04-15 01:26:11.625","1001","0","Sell"
"1","90","95","2021-04-15 01:26:11.626","999","23","Buy"
"1","91","96","2021-04-15 01:26:11.629","0","118","Sell"
"1","92","-69","2021-04-15 01:26:11.634","997","0","Buy"
"1","93","98","2021-04-15 01:26:11.636","999","32","Buy"
"1","94","99","2021-04-15 01:26:11.639","1001","202","Sell"
"1","95","-63","2021-04-15 01:26:11.644","1003","0","Sell"
"1","96","-51","2021-04-15 01:26:11.649","1005","0","Sell"
"1","97","-48","2021-04-15 01:26:11.654","1006","0","Sell"
"1","98","103","2021-04-15 01:26:11.656","1001","39","Sell"
"1","99","-50","2021-04-15 01:26:11.660","1004","0","Sell"
"1","100","105","2021-04-15 01:26:11.663","1000","42","Buy"
"1","101","106","2021-04-15 01:26:11.665","0","76","Sell"
"1","102","107","2021-04-15 01:26:11.667","999","156","Buy"
"1","103","-70","2021-04-15 01:26:11.673","997","0","Buy"
"1","104","109","2021-04-15 01:26:11.675","0","106","Buy"
"1","105","110","2021-04-15 01:26:11.677","1000","21","Buy"
"1","106","111","2021-04-15 01:26:11.679","1002","47","Sell"
"1","107","112","2021-04-15 01:26:11.681","1001","21","Buy"
"1","108","-73","2021-04-15 01:26:11.687","1001","0","Sell"
"1","109","114","2021-04-15 01:26:11.689","1001","22","Buy"
"1","110","115","2021-04-15 01:26:11.692","999","42","Buy"
"1","111","116","2021-04-15 01:26:11.694","1000","168","Sell"
"1","112","-64","2021-04-15 01:26:11.698","1002","0","Sell"
"1","113","118","2021-04-15 01:26:11.700","999","31","Sell"
"1","114","119","2021-04-15 01:26:11.703","999","230","Sell"
"1","115","-90","2021-04-15 01:26:11.707","997","0","Buy"
"1","116","121","2021-04-15 01:26:11.709","999","228","Buy"
"1","117","122","2021-04-15 01:26:11.711","0","62","Buy"
"1","118","-79","2021-04-15 01:26:11.714","1002","0","Sell"
"1","119","124","2021-04-15 01:26:11.717","998","22","Buy"
"1","120","-121","2021-04-15 01:26:11.721","999","0","Buy"
"1","121","126","2021-04-15 01:26:11.724","999","29","Buy"
"1","122","127","2021-04-15 01:26:11.726","1001","71","Sell"
"1","123","128","2021-04-15 01:26:11.728","999","53","Sell"
"1","124","129","2021-04-15 01:26:11.731","999","153","Buy"
"1","125","-116","2021-04-15 01:26:11.735","1000","0","Sell"
"1","126","131","2021-04-15 01:26:11.738","1002","24","Sell"
"1","127","132","2021-04-15 01:26:11.740","1002","21","Sell"
"1","128","-129","2021-04-15 01:26:11.745","999","0","Buy"
"1","129","134","2021-04-15 01:26:11.749","997","749","Buy"
"1","130","135","2021-04-15 01:26:11.751","1000","34","Sell"
"1","131","-124","2021-04-15 01:26:11.756","998","0","Buy"
"1","132","137","2021-04-15 01:26:11.758","999","61","Sell"
"1","133","138","2021-04-15 01:26:11.760","998","43","Sell"
"1","134","-134","2021-04-15 01:26:11.764","997","0","Buy"
"1","135","140","2021-04-15 01:26:11.766","0","385","Sell"
"1","136","141","2021-04-15 01:26:11.768","990","44","Buy"
"1","137","142","2021-04-15 01:26:11.771","998","21","Sell"
"1","138","-137","2021-04-15 01:26:11.776","999","0","Sell"
"1","139","-142","2021-04-15 01:26:11.780","998","0","Sell"
"1","140","145","2021-04-15 01:26:11.782","989","43","Buy"
"1","141","146","2021-04-15 01:26:11.784","989","21","Buy"
"1","142","-103","2021-04-15 01:26:11.788","1001","0","Sell"
"1","143","-146","2021-04-15 01:26:11.792","989","0","Buy"
"1","144","149","2021-04-15 01:26:11.794","0","53","Sell"
"1","145","151","2021-04-15 01:26:11.798","1001","56","Sell"
"1","146","-145","2021-04-15 01:26:11.802","989","0","Buy"
"1","147","153","2021-04-15 01:26:11.804","0","168","Buy"
"1","148","154","2021-04-15 01:26:11.806","1002","125","Sell"
"1","149","155","2021-04-15 01:26:11.808","996","37","Buy"
"1","150","156","2021-04-15 01:26:11.811","995","80","Buy"
"1","151","157","2021-04-15 01:26:11.812","1000","65","Sell"
"1","152","158","2021-04-15 01:26:11.815","999","26","Sell"
"1","153","159","2021-04-15 01:26:11.817","0","69","Sell"
"1","154","-156","2021-04-15 01:26:11.821","995","0","Buy"
"1","155","161","2021-04-15 01:26:11.823","994","31","Buy"
"1","156","162","2021-04-15 01:26:11.825","0","57","Sell"
"1","157","163","2021-04-15 01:26:11.828","992","275","Buy"
"1","158","164","2021-04-15 01:26:11.829","1000","22","Sell"
"1","159","165","2021-04-15 01:26:11.831","991","53","Buy"
"1","160","166","2021-04-15 01:26:11.834","993","1105","Buy"
"1","161","167","2021-04-15 01:26:11.836","0","148","Buy"
"1","162","168","2021-04-15 01:26:11.838","1000","93","Sell"
"1","163","169","2021-04-15 01:26:11.841","1001","72","Sell"
"1","164","170","2021-04-15 01:26:11.843","1001","39","Sell"
"1","165","171","2021-04-15 01:26:11.845","999","23","Sell"
"1","166","172","2021-04-15 01:26:11.847","0","359","Sell"
"1","167","-151","2021-04-15 01:26:11.851","1001","0","Sell"
"1","168","174","2021-04-15 01:26:11.853","992","34","Buy"
"1","169","175","2021-04-15 01:26:11.855","994","23","Buy"
"1","170","-111","2021-04-15 01:26:11.860","1002","0","Sell"
"1","171","177","2021-04-15 01:26:11.862","995","84","Buy"
"1","172","178","2021-04-15 01:26:11.864","994","27","Buy"
"1","173","179","2021-04-15 01:26:11.866","1000","929","Sell"
"1","174","-170","2021-04-15 01:26:11.870","1001","0","Sell"
"1","175","-175","2021-04-15 01:26:11.875","994","0","Buy"
"1","176","182","2021-04-15 01:26:11.877","996","20","Buy"
"1","177","-171","2021-04-15 01:26:11.882","999","0","Sell"
"1","178","-166","2021-04-15 01:26:11.886","993","0","Buy"
"1","179","-182","2021-04-15 01:26:11.890","996","0","Buy"
"1","180","186","2021-04-15 01:26:11.892","994","82","Buy"
"1","181","187","2021-04-15 01:26:11.894","999","30","Sell"
"1","182","188","2021-04-15 01:26:11.896","996","85","Buy"
"1","183","-168","2021-04-15 01:26:11.901","1000","0","Sell"
"1","184","190","2021-04-15 01:26:11.904","998","46","Sell"
"1","185","-190","2021-04-15 01:26:11.909","998","0","Sell"
"1","186","192","2021-04-15 01:26:11.911","997","20","Buy"
"1","187","193","2021-04-15 01:26:11.913","998","150","Sell"
"1","188","-193","2021-04-15 01:26:11.917","998","0","Sell"
"1","189","195","2021-04-15 01:26:11.920","998","123","Buy"
"1","190","-195","2021-04-15 01:26:11.924","998","0","Buy"
"1","191","197","2021-04-15 01:26:11.926","0","59","Buy"
"1","192","198","2021-04-15 01:26:11.928","998","44","Buy"
"1","193","199","2021-04-15 01:26:11.931","999","54","Sell"
"1","194","200","2021-04-15 01:26:11.934","0","387","Buy"
"1","195","201","2021-04-15 01:26:11.937","997","82","Buy"
"1","196","202","2021-04-15 01:26:11.939","0","213","Buy"
"1","197","-188","2021-04-15 01:26:11.943","996","0","Buy"
"1","198","-127","2021-04-15 01:26:11.948","1001","0","Sell"
"1","199","205","2021-04-15 01:26:11.950","0","100","Sell"
"1","200","206","2021-04-15 01:26:11.952","999","54","Sell"
"1","201","207","2021-04-15 01:26:11.955","0","56","Sell"
"1","202","208","2021-04-15 01:26:11.957","994","57","Buy"
"1","203","209","2021-04-15 01:26:11.959","994","22","Buy"
"1","204","-206","2021-04-15 01:26:11.963","999","0","Sell"
"1","205","211","2021-04-15 01:26:11.965","994","26","Buy"
"1","206","-177","2021-04-15 01:26:11.971","995","0","Buy"
"1","207","-179","2021-04-15 01:26:11.976","1000","0","Sell"
"1","208","-154","2021-04-15 01:26:11.980","1002","0","Sell"
"1","209","215","2021-04-15 01:26:11.982","0","65","Sell"
"1","210","-165","2021-04-15 01:26:11.986","991","0","Buy"
"1","211","217","2021-04-15 01:26:11.988","993","57","Buy"
"1","212","218","2021-04-15 01:26:11.990","995","30","Buy"
"1","213","219","2021-04-15 01:26:11.992","994","23","Buy"
"1","214","220","2021-04-15 01:26:11.994","994","27","Buy"
"1","215","221","2021-04-15 01:26:11.996","0","175","Buy"
"1","216","222","2021-04-15 01:26:11.998","1003","398","Sell"
"1","217","223","2021-04-15 01:26:12.000","996","23","Buy"
"1","218","224","2021-04-15 01:26:12.003","1003","220","Sell"
"1","219","-224","2021-04-15 01:26:12.008","1003","0","Sell"
"1","220","-222","2021-04-15 01:26:12.012","1003","0","Sell"
"1","221","227","2021-04-15 01:26:12.014","997","165","Buy"
"1","222","228","2021-04-15 01:26:12.016","1001","53","Sell"
"1","223","-227","2021-04-15 01:26:12.020","997","0","Buy"
"1","224","-132","2021-04-15 01:26:12.024","1002","0","Sell"
"1","225","-209","2021-04-15 01:26:12.028","994","0","Buy"
"1","226","-220","2021-04-15 01:26:12.032","994","0","Buy"
"1","227","-217","2021-04-15 01:26:12.037","993","0","Buy"
"1","228","235","2021-04-15 01:26:12.041","1002","33","Sell"
"1","229","-228","2021-04-15 01:26:12.045","1001","0","Sell"
"1","230","237","2021-04-15 01:26:12.047","1001","1954","Sell"
"1","231","-174","2021-04-15 01:26:12.051","992","0","Buy"
"1","232","-208","2021-04-15 01:26:12.056","994","0","Buy"
"1","233","-237","2021-04-15 01:26:12.060","1001","0","Sell"
"1","234","-219","2021-04-15 01:26:12.064","994","0","Buy"
"1","235","-218","2021-04-15 01:26:12.076","995","0","Buy"
"1","236","247","2021-04-15 01:26:12.078","997","96","Buy"
"1","237","248","2021-04-15 01:26:12.079","1001","32","Sell"
"1","238","249","2021-04-15 01:26:12.082","998","85","Buy"
"1","239","250","2021-04-15 01:26:12.084","1002","22","Sell"
"1","240","251","2021-04-15 01:26:12.086","999","51","Buy"
"1","241","252","2021-04-15 01:26:12.087","1000","34","Buy"
"1","242","253","2021-04-15 01:26:12.089","1001","43","Buy"
"1","243","254","2021-04-15 01:26:12.091","1002","27","Buy"
"1","244","255","2021-04-15 01:26:12.093","1001","30","Sell"
"1","245","256","2021-04-15 01:26:12.095","0","1787","Buy"
"1","246","257","2021-04-15 01:26:12.097","999","68","Buy"
"1","247","258","2021-04-15 01:26:12.099","1008","28","Sell"
"1","248","259","2021-04-15 01:26:12.101","0","70","Sell"
"1","249","260","2021-04-15 01:26:12.103","1007","47","Sell"
"1","250","261","2021-04-15 01:26:12.105","998","22","Buy"
"1","251","262","2021-04-15 01:26:12.108","1006","33","Sell"
"1","252","263","2021-04-15 01:26:12.110","1005","118","Sell"
"1","253","264","2021-04-15 01:26:12.112","1004","135","Sell"
"1","254","265","2021-04-15 01:26:12.113","1000","57","Buy"
"1","255","-265","2021-04-15 01:26:12.119","1000","0","Buy"
"1","256","-263","2021-04-15 01:26:12.124","1005","0","Sell"
"1","257","268","2021-04-15 01:26:12.126","1005","177","Sell"
"1","258","269","2021-04-15 01:26:12.128","0","199","Sell"
"1","259","270","2021-04-15 01:26:12.131","998","31","Buy"
"1","260","271","2021-04-15 01:26:12.133","1003","58","Sell"
"1","261","272","2021-04-15 01:26:12.135","999","27","Buy"
"1","262","273","2021-04-15 01:26:12.138","1002","75","Sell"
"1","263","-273","2021-04-15 01:26:12.143","1002","0","Sell"
"1","264","-272","2021-04-15 01:26:12.146","999","0","Buy"
"1","265","276","2021-04-15 01:26:12.148","997","43","Buy"
"1","266","277","2021-04-15 01:26:12.149","0","51","Buy"
"1","267","278","2021-04-15 01:26:12.151","0","127","Sell"
"1","268","-163","2021-04-15 01:26:12.156","992","0","Buy"
"1","269","280","2021-04-15 01:26:12.158","1002","173","Sell"
"1","270","-186","2021-04-15 01:26:12.162","994","0","Buy"
"1","271","282","2021-04-15 01:26:12.164","0","71","Buy"
"1","272","283","2021-04-15 01:26:12.166","1003","44","Sell"
"1","273","-262","2021-04-15 01:26:12.170","1006","0","Sell"
"1","274","285","2021-04-15 01:26:12.173","998","83","Buy"
"1","275","286","2021-04-15 01:26:12.175","1001","52","Sell"
"1","276","287","2021-04-15 01:26:12.177","1000","484","Sell"
"1","277","288","2021-04-15 01:26:12.179","999","60","Buy"
"1","278","289","2021-04-15 01:26:12.181","998","152","Buy"
"1","279","-260","2021-04-15 01:26:12.185","1007","0","Sell"
"1","280","-287","2021-04-15 01:26:12.192","1000","0","Sell"
"1","281","292","2021-04-15 01:26:12.194","1000","57","Buy"
"1","282","-268","2021-04-15 01:26:12.201","1005","0","Sell"
"1","283","294","2021-04-15 01:26:12.203","1002","586","Sell"
"1","284","-223","2021-04-15 01:26:12.209","996","0","Buy"
"1","285","296","2021-04-15 01:26:12.211","1000","25","Sell"
"1","286","297","2021-04-15 01:26:12.213","1001","28","Buy"
"1","287","298","2021-04-15 01:26:12.215","0","152","Buy"
"1","288","-294","2021-04-15 01:26:12.220","1002","0","Sell"
"1","289","300","2021-04-15 01:26:12.222","1002","85","Sell"
"1","290","301","2021-04-15 01:26:12.224","1003","84","Sell"
"1","291","302","2021-04-15 01:26:12.227","1001","28","Buy"
"1","292","303","2021-04-15 01:26:12.229","0","60","Sell"
"1","293","304","2021-04-15 01:26:12.232","1000","49","Buy"
"1","294","-285","2021-04-15 01:26:12.240","998","0","Buy"
"1","295","306","2021-04-15 01:26:12.242","1003","31","Sell"
"1","296","-300","2021-04-15 01:26:12.247","1002","0","Sell"
"1","297","-288","2021-04-15 01:26:12.252","999","0","Buy"
"1","298","309","2021-04-15 01:26:12.254","1004","38","Sell"
"1","299","310","2021-04-15 01:26:12.256","1001","23","Buy"
"1","300","311","2021-04-15 01:26:12.258","1004","48","Sell"
"1","301","312","2021-04-15 01:26:12.260","1004","102","Sell"
"1","302","313","2021-04-15 01:26:12.262","0","53","Buy"
"1","303","314","2021-04-15 01:26:12.263","1002","25","Sell"
"1","304","-211","2021-04-15 01:26:12.269","994","0","Buy"
"1","305","316","2021-04-15 01:26:12.272","1003","42","Sell"
"1","306","-314","2021-04-15 01:26:12.278","1002","0","Sell"
"1","307","318","2021-04-15 01:26:12.280","1004","53","Sell"
"1","308","-309","2021-04-15 01:26:12.287","1004","0","Sell"
"1","309","-310","2021-04-15 01:26:12.292","1001","0","Buy"
"1","310","321","2021-04-15 01:26:12.295","1004","29","Sell"
"1","311","322","2021-04-15 01:26:12.297","1001","22","Buy"
"1","312","-276","2021-04-15 01:26:12.305","997","0","Buy"
"1","313","-306","2021-04-15 01:26:12.311","1003","0","Sell"
"1","314","-264","2021-04-15 01:26:12.315","1004","0","Sell"
"1","315","326","2021-04-15 01:26:12.317","1000","20","Buy"
"1","316","-322","2021-04-15 01:26:12.321","1001","0","Buy"
"1","317","328","2021-04-15 01:26:12.324","1004","232","Sell"
"1","318","329","2021-04-15 01:26:12.325","999","45","Buy"
"1","319","330","2021-04-15 01:26:12.327","0","174","Buy"
"1","320","-318","2021-04-15 01:26:12.331","1004","0","Sell"
"1","321","332","2021-04-15 01:26:12.334","1001","46","Buy"
"1","322","333","2021-04-15 01:26:12.336","1003","27","Sell"
"1","323","-332","2021-04-15 01:26:12.340","1001","0","Buy"
"1","324","-326","2021-04-15 01:26:12.344","1000","0","Buy"
"1","325","336","2021-04-15 01:26:12.346","1001","34","Buy"
"1","326","337","2021-04-15 01:26:12.348","0","68","Sell"
"1","327","338","2021-04-15 01:26:12.350","1004","67","Sell"
"1","328","339","2021-04-15 01:26:12.352","1004","1390","Sell"
"1","329","-289","2021-04-15 01:26:12.356","998","0","Buy"
"1","330","341","2021-04-15 01:26:12.358","1001","84","Buy"
"1","331","342","2021-04-15 01:26:12.360","0","114","Sell"
"1","332","343","2021-04-15 01:26:12.362","998","95","Buy"
"1","333","344","2021-04-15 01:26:12.364","1004","25","Sell"
"1","334","-329","2021-04-15 01:26:12.368","999","0","Buy"
"1","335","346","2021-04-15 01:26:12.370","999","38","Buy"
"1","336","-343","2021-04-15 01:26:12.374","998","0","Buy"
"1","337","348","2021-04-15 01:26:12.376","998","21","Buy"
"1","338","349","2021-04-15 01:26:12.378","0","81","Buy"
"1","339","-348","2021-04-15 01:26:12.382","998","0","Buy"
"1","340","351","2021-04-15 01:26:12.383","1000","53","Buy"
"1","341","-344","2021-04-15 01:26:12.387","1004","0","Sell"
"1","342","353","2021-04-15 01:26:12.389","1003","1061","Sell"
"1","343","354","2021-04-15 01:26:12.391","999","60","Buy"
"1","344","355","2021-04-15 01:26:12.393","1001","26","Buy"
"1","345","356","2021-04-15 01:26:12.394","1002","111","Buy"
"1","346","-354","2021-04-15 01:26:12.398","999","0","Buy"
"1","347","358","2021-04-15 01:26:12.400","0","94","Buy"
"1","348","359","2021-04-15 01:26:12.402","1003","40","Buy"
"1","349","360","2021-04-15 01:26:12.405","1002","37","Sell"
"1","350","361","2021-04-15 01:26:12.407","1001","21","Buy"
"1","351","-355","2021-04-15 01:26:12.411","1001","0","Buy"
"1","352","363","2021-04-15 01:26:12.413","1003","22","Buy"
"1","353","364","2021-04-15 01:26:12.415","1002","1995","Sell"
"1","354","365","2021-04-15 01:26:12.417","1002","26","Buy"
"1","355","-353","2021-04-15 01:26:12.421","1003","0","Sell"
"1","356","367","2021-04-15 01:26:12.423","0","81","Buy"
"1","357","368","2021-04-15 01:26:12.425","1001","33","Sell"
"1","358","-368","2021-04-15 01:26:12.428","1001","0","Sell"
"1","359","370","2021-04-15 01:26:12.430","0","158","Buy"
"1","360","371","2021-04-15 01:26:12.432","1001","48","Buy"
"1","361","372","2021-04-15 01:26:12.434","1003","34","Sell"
"1","362","373","2021-04-15 01:26:12.436","1003","13479","Sell"
"1","363","374","2021-04-15 01:26:12.438","1003","25","Sell"
"1","364","-364","2021-04-15 01:26:12.443","1002","0","Sell"
"1","365","-351","2021-04-15 01:26:12.446","1000","0","Buy"
"1","366","377","2021-04-15 01:26:12.449","0","1530","Sell"
"1","367","378","2021-04-15 01:26:12.451","998","26","Buy"
"1","368","379","2021-04-15 01:26:12.453","0","54","Buy"
"1","369","-312","2021-04-15 01:26:12.457","1004","0","Sell"
"1","370","381","2021-04-15 01:26:12.459","997","29","Buy"
"1","371","382","2021-04-15 01:26:12.461","999","22","Buy"
"1","372","383","2021-04-15 01:26:12.463","1000","33","Buy"
"1","373","384","2021-04-15 01:26:12.466","1004","31","Sell"
"1","374","-378","2021-04-15 01:26:12.471","998","0","Buy"
"1","375","386","2021-04-15 01:26:12.473","1001","1878","Buy"
"1","376","-373","2021-04-15 01:26:12.478","1003","0","Sell"
"1","377","-328","2021-04-15 01:26:12.483","1004","0","Sell"
"1","378","-374","2021-04-15 01:26:12.488","1003","0","Sell"
"1","379","-386","2021-04-15 01:26:12.492","1001","0","Buy"
"1","380","391","2021-04-15 01:26:12.494","1001","294","Buy"
"1","381","-391","2021-04-15 01:26:12.498","1001","0","Buy"
"1","382","-338","2021-04-15 01:26:12.502","1004","0","Sell"
"1","383","394","2021-04-15 01:26:12.504","999","31","Buy"
"1","384","-258","2021-04-15 01:26:12.508","1008","0","Sell"
"1","385","396","2021-04-15 01:26:12.510","999","1320","Buy"
"1","386","397","2021-04-15 01:26:12.513","1005","272","Sell"
"1","387","-339","2021-04-15 01:26:12.517","1004","0","Sell"
"1","388","399","2021-04-15 01:26:12.519","1001","22","Buy"
"1","389","-397","2021-04-15 01:26:12.523","1005","0","Sell"
"1","390","401","2021-04-15 01:26:12.525","1005","22","Sell"
"1","391","402","2021-04-15 01:26:12.527","1003","45","Sell"
"1","392","403","2021-04-15 01:26:12.528","1000","135","Buy"
"1","393","-321","2021-04-15 01:26:12.532","1004","0","Sell"
"1","394","405","2021-04-15 01:26:12.534","1002","49","Sell"
"1","395","406","2021-04-15 01:26:12.536","1001","38","Sell"
"1","396","-396","2021-04-15 01:26:12.540","999","0","Buy"
"1","397","408","2021-04-15 01:26:12.542","1002","20","Sell"
"1","398","-394","2021-04-15 01:26:12.546","999","0","Buy"
"1","399","410","2021-04-15 01:26:12.547","999","31","Buy"
"1","400","411","2021-04-15 01:26:12.549","1000","47","Sell"
"1","401","-402","2021-04-15 01:26:12.553","1003","0","Sell"
"1","402","-403","2021-04-15 01:26:12.556","1000","0","Buy"
"1","403","414","2021-04-15 01:26:12.558","998","24","Buy"
"1","404","-406","2021-04-15 01:26:12.562","1001","0","Sell"
"1","405","416","2021-04-15 01:26:12.564","1003","168","Sell"
"1","406","417","2021-04-15 01:26:12.566","1003","107","Sell"
"1","407","-384","2021-04-15 01:26:12.570","1004","0","Sell"
"1","408","-408","2021-04-15 01:26:12.574","1002","0","Sell"
"1","409","420","2021-04-15 01:26:12.576","1000","25","Buy"
"1","410","421","2021-04-15 01:26:12.578","999","35","Buy"
"1","411","-420","2021-04-15 01:26:12.581","1000","0","Buy"
"1","412","-405","2021-04-15 01:26:12.585","1002","0","Sell"
"1","413","424","2021-04-15 01:26:12.587","0","77","Sell"
"1","414","-401","2021-04-15 01:26:12.590","1005","0","Sell"
"1","415","426","2021-04-15 01:26:12.592","1004","22","Sell"
"1","416","427","2021-04-15 01:26:12.594","1002","23","Sell"
"1","417","428","2021-04-15 01:26:12.596","1000","29","Buy"
"1","418","429","2021-04-15 01:26:12.597","1001","23","Buy"
"1","419","430","2021-04-15 01:26:12.599","1002","35","Buy"
"1","420","-426","2021-04-15 01:26:12.603","1004","0","Sell"
"1","421","-430","2021-04-15 01:26:12.607","1002","0","Buy"
"1","422","-429","2021-04-15 01:26:12.611","1001","0","Buy"
"1","423","434","2021-04-15 01:26:12.612","0","55","Sell"
"1","424","435","2021-04-15 01:26:12.614","0","66","Buy"
"1","425","-417","2021-04-15 01:26:12.617","1003","0","Sell"
"1","426","439","2021-04-15 01:26:12.622","999","41","Buy"
"1","427","440","2021-04-15 01:26:12.624","998","32","Buy"
"1","428","441","2021-04-15 01:26:12.625","1002","179","Sell"
"1","429","442","2021-04-15 01:26:12.627","1000","44","Buy"
"1","430","443","2021-04-15 01:26:12.629","1001","1121","Sell"
"1","431","-443","2021-04-15 01:26:12.633","1001","0","Sell"
"1","432","445","2021-04-15 01:26:12.635","0","102","Sell"
"1","433","-440","2021-04-15 01:26:12.639","998","0","Buy"
"1","434","448","2021-04-15 01:26:12.643","0","131","Sell"
"1","435","-416","2021-04-15 01:26:12.646","1003","0","Sell"
"1","436","450","2021-04-15 01:26:12.647","1003","61","Sell"
"1","437","451","2021-04-15 01:26:12.649","1003","47","Sell"
"1","438","452","2021-04-15 01:26:12.651","997","21","Buy"
"1","439","454","2021-04-15 01:26:12.655","998","21","Buy"
"1","440","-441","2021-04-15 01:26:12.659","1002","0","Sell"
"1","441","456","2021-04-15 01:26:12.661","1004","121","Sell"
"1","442","457","2021-04-15 01:26:12.663","1002","75","Sell"
"1","443","-451","2021-04-15 01:26:12.666","1003","0","Sell"
"1","444","459","2021-04-15 01:26:12.669","997","38","Buy"
"1","445","460","2021-04-15 01:26:12.671","999","26","Buy"
"1","446","461","2021-04-15 01:26:12.673","0","82","Sell"
"1","447","462","2021-04-15 01:26:12.675","1001","52","Sell"
"1","448","-462","2021-04-15 01:26:12.678","1001","0","Sell"
"1","449","464","2021-04-15 01:26:12.680","998","101","Buy"
"1","450","-450","2021-04-15 01:26:12.683","1003","0","Sell"
"1","451","-459","2021-04-15 01:26:12.687","997","0","Buy"
"1","452","467","2021-04-15 01:26:12.689","1003","45","Sell"
"1","453","468","2021-04-15 01:26:12.691","0","5240","Buy"
"1","454","471","2021-04-15 01:26:12.695","1008","66","Sell"
"1","455","-464","2021-04-15 01:26:12.698","998","0","Buy"
"1","456","473","2021-04-15 01:26:12.700","1001","55","Buy"
"1","457","474","2021-04-15 01:26:12.701","1007","22","Sell"
"1","458","475","2021-04-15 01:26:12.703","1000","39","Buy"
"1","459","-474","2021-04-15 01:26:12.707","1007","0","Sell"
"1","460","477","2021-04-15 01:26:12.709","1009","3975","Sell"
"1","461","478","2021-04-15 01:26:12.710","1009","126","Sell"
"1","462","479","2021-04-15 01:26:12.712","1007","29","Sell"
"1","463","480","2021-04-15 01:26:12.714","1006","41","Sell"
"1","464","481","2021-04-15 01:26:12.716","0","51","Buy"
"1","465","482","2021-04-15 01:26:12.717","1002","59","Buy"
"1","466","-471","2021-04-15 01:26:12.721","1008","0","Sell"
"1","467","484","2021-04-15 01:26:12.723","1003","36","Buy"
"1","468","485","2021-04-15 01:26:12.724","0","507","Buy"
"1","469","486","2021-04-15 01:26:12.727","1010","32","Sell"
"1","470","487","2021-04-15 01:26:12.728","0","55","Buy"
"1","471","-477","2021-04-15 01:26:12.732","1009","0","Sell"
"1","472","489","2021-04-15 01:26:12.734","1002","38","Buy"
"1","473","490","2021-04-15 01:26:12.736","1008","470","Sell"
"1","474","491","2021-04-15 01:26:12.738","0","159","Sell"
"1","475","492","2021-04-15 01:26:12.740","1007","86","Sell"
"1","476","-492","2021-04-15 01:26:12.743","1007","0","Sell"
"1","477","-473","2021-04-15 01:26:12.746","1001","0","Buy"
"1","478","495","2021-04-15 01:26:12.748","999","34","Buy"
"1","479","496","2021-04-15 01:26:12.750","0","97","Sell"
"1","480","497","2021-04-15 01:26:12.752","1002","43","Buy"
"1","481","-490","2021-04-15 01:26:12.756","1008","0","Sell"
"1","482","500","2021-04-15 01:26:12.759","1003","299","Buy"
"1","483","501","2021-04-15 01:26:12.761","1004","91","Buy"
"1","484","502","2021-04-15 01:26:12.763","1005","39","Buy"
"1","485","503","2021-04-15 01:26:12.765","1008","44","Sell"
"1","486","504","2021-04-15 01:26:12.767","0","76","Buy"
"1","487","505","2021-04-15 01:26:12.768","1004","41","Buy"
"1","488","-502","2021-04-15 01:26:12.772","1005","0","Buy"
"1","489","507","2021-04-15 01:26:12.774","0","441","Sell"
"1","490","508","2021-04-15 01:26:12.776","1001","84","Buy"
"1","491","509","2021-04-15 01:26:12.778","1008","26","Sell"
"1","492","-497","2021-04-15 01:26:12.781","1002","0","Buy"
"1","493","511","2021-04-15 01:26:12.783","1007","23","Sell"
"1","494","512","2021-04-15 01:26:12.785","1000","25","Buy"
"1","495","513","2021-04-15 01:26:12.786","1000","169","Buy"
"1","496","-511","2021-04-15 01:26:12.791","1007","0","Sell"
"1","497","515","2021-04-15 01:26:12.792","0","66","Sell"
"1","498","-508","2021-04-15 01:26:12.796","1001","0","Buy"
"1","499","517","2021-04-15 01:26:12.798","1001","206","Buy"
"1","500","-517","2021-04-15 01:26:12.801","1001","0","Buy"
"1","501","519","2021-04-15 01:26:12.803","1009","29","Sell"
"1","502","-509","2021-04-15 01:26:12.807","1008","0","Sell"
"1","503","522","2021-04-15 01:26:12.811","999","100","Buy"
"1","504","-513","2021-04-15 01:26:12.815","1000","0","Buy"
"1","505","524","2021-04-15 01:26:12.816","0","346","Sell"
"1","506","526","2021-04-15 01:26:12.819","0","72","Buy"
"1","507","529","2021-04-15 01:26:12.821","1008","24","Sell"
"1","508","-519","2021-04-15 01:26:12.825","1009","0","Sell"
"1","509","-529","2021-04-15 01:26:12.828","1008","0","Sell"
"1","510","535","2021-04-15 01:26:12.831","1002","22","Buy"
"1","511","536","2021-04-15 01:26:12.833","0","75","Sell"
"1","512","537","2021-04-15 01:26:12.835","1010","27","Sell"
"1","513","538","2021-04-15 01:26:12.838","1010","783","Sell"
"1","514","-538","2021-04-15 01:26:12.841","1010","0","Sell"
"1","515","540","2021-04-15 01:26:12.843","1010","23","Sell"
"1","516","542","2021-04-15 01:26:12.845","1008","24","Sell"
"1","517","544","2021-04-15 01:26:12.847","1002","27","Buy"
"1","518","545","2021-04-15 01:26:12.849","1003","31","Buy"
"1","519","546","2021-04-15 01:26:12.850","1004","42","Buy"
"1","520","547","2021-04-15 01:26:12.852","1009","28","Sell"
"1","521","-537","2021-04-15 01:26:12.856","1010","0","Sell"
"1","522","-542","2021-04-15 01:26:12.859","1008","0","Sell"
"1","523","-544","2021-04-15 01:26:12.863","1002","0","Buy"
"1","524","551","2021-04-15 01:26:12.865","1003","49","Buy"
"1","525","552","2021-04-15 01:26:12.867","0","130","Buy"
"1","526","553","2021-04-15 01:26:12.869","0","372","Sell"
"1","527","554","2021-04-15 01:26:12.871","1002","56","Buy"
"1","528","555","2021-04-15 01:26:12.873","1003","47","Sell"
"1","529","556","2021-04-15 01:26:12.875","1004","24","Sell"
"1","530","557","2021-04-15 01:26:12.877","1002","51","Sell"
"1","531","558","2021-04-15 01:26:12.879","1001","48","Buy"
"1","532","559","2021-04-15 01:26:12.880","0","969","Sell"
"1","533","561","2021-04-15 01:26:12.882","1002","35","Sell"
"1","534","562","2021-04-15 01:26:12.884","0","64","Buy"
"1","535","563","2021-04-15 01:26:12.887","1001","25","Buy"
"1","536","-556","2021-04-15 01:26:12.890","1004","0","Sell"
"1","537","-555","2021-04-15 01:26:12.894","1003","0","Sell"
"1","538","566","2021-04-15 01:26:12.896","0","50","Sell"
"1","539","567","2021-04-15 01:26:12.898","1001","88","Buy"
"1","540","568","2021-04-15 01:26:12.900","0","70","Sell"
"1","541","569","2021-04-15 01:26:12.901","0","72","Sell"
"1","542","572","2021-04-15 01:26:12.905","999","2019","Buy"
"1","543","573","2021-04-15 01:26:12.907","0","57","Sell"
"1","544","576","2021-04-15 01:26:12.909","1006","43","Sell"
"1","545","578","2021-04-15 01:26:12.913","1000","61","Buy"
"1","546","580","2021-04-15 01:26:12.916","1001","134","Buy"
"1","547","581","2021-04-15 01:26:12.918","0","57","Buy"
"1","548","-580","2021-04-15 01:26:12.922","1001","0","Buy"
"1","549","584","2021-04-15 01:26:12.924","1004","24","Sell"
"1","550","585","2021-04-15 01:26:12.926","999","63","Buy"
"1","551","586","2021-04-15 01:26:12.928","1003","26","Sell"
"1","552","587","2021-04-15 01:26:12.930","1001","110","Buy"
"1","553","-587","2021-04-15 01:26:12.934","1001","0","Buy"
"1","554","589","2021-04-15 01:26:12.936","1004","361","Sell"
"1","555","-589","2021-04-15 01:26:12.940","1004","0","Sell"
"1","556","591","2021-04-15 01:26:12.942","999","23","Buy"
"1","557","592","2021-04-15 01:26:12.943","999","69","Buy"
"1","558","593","2021-04-15 01:26:12.946","1002","28","Sell"
"1","559","594","2021-04-15 01:26:12.949","1003","135","Sell"
"1","560","-592","2021-04-15 01:26:12.953","999","0","Buy"
"1","561","596","2021-04-15 01:26:12.955","1001","49","Sell"
"1","562","597","2021-04-15 01:26:12.957","1000","136","Sell"
"1","563","-585","2021-04-15 01:26:12.962","999","0","Buy"
"1","564","-597","2021-04-15 01:26:12.966","1000","0","Sell"
"1","565","600","2021-04-15 01:26:12.969","0","59","Sell"
"1","566","601","2021-04-15 01:26:12.971","1002","287","Sell"
"1","567","602","2021-04-15 01:26:12.973","1000","50","Buy"
"1","568","603","2021-04-15 01:26:12.974","999","1289","Buy"
"1","569","-603","2021-04-15 01:26:12.978","999","0","Buy"
"1","570","-602","2021-04-15 01:26:12.981","1000","0","Buy"
"1","571","-596","2021-04-15 01:26:12.984","1001","0","Sell"
"1","572","-572","2021-04-15 01:26:12.988","999","0","Buy"
"1","573","-591","2021-04-15 01:26:12.992","999","0","Buy"
"1","574","-594","2021-04-15 01:26:12.996","1003","0","Sell"
"1","575","610","2021-04-15 01:26:12.998","995","54","Buy"
"1","576","611","2021-04-15 01:26:12.999","1001","21","Sell"
"1","577","612","2021-04-15 01:26:13.001","994","25","Buy"
"1","578","613","2021-04-15 01:26:13.003","1000","21","Sell"
"1","579","614","2021-04-15 01:26:13.005","996","366","Buy"
"1","580","615","2021-04-15 01:26:13.006","0","165","Sell"
"1","581","616","2021-04-15 01:26:13.008","997","61","Buy"
"1","582","617","2021-04-15 01:26:13.009","1001","22","Sell"
"1","583","618","2021-04-15 01:26:13.010","998","45","Buy"
"1","584","-613","2021-04-15 01:26:13.014","1000","0","Sell"
"1","585","620","2021-04-15 01:26:13.016","999","70","Buy"
"1","586","621","2021-04-15 01:26:13.018","998","42","Buy"
"1","587","-620","2021-04-15 01:26:13.025","999","0","Buy"
"1","588","-611","2021-04-15 01:26:13.030","1001","0","Sell"
"1","589","624","2021-04-15 01:26:13.032","1000","24","Sell"
"1","590","625","2021-04-15 01:26:13.033","997","36","Buy"
"1","591","-617","2021-04-15 01:26:13.038","1001","0","Sell"
"1","592","627","2021-04-15 01:26:13.040","997","21","Buy"
"1","593","628","2021-04-15 01:26:13.042","999","21","Buy"
"1","594","629","2021-04-15 01:26:13.044","0","92","Buy"
"1","595","630","2021-04-15 01:26:13.046","998","54","Buy"
"1","596","-625","2021-04-15 01:26:13.050","997","0","Buy"
"1","597","-601","2021-04-15 01:26:13.054","1002","0","Sell"
"1","598","633","2021-04-15 01:26:13.056","998","129","Buy"
"1","599","-630","2021-04-15 01:26:13.060","998","0","Buy"
"1","600","635","2021-04-15 01:26:13.062","1004","220","Sell"
"1","601","636","2021-04-15 01:26:13.064","0","82","Buy"
"1","602","637","2021-04-15 01:26:13.066","0","60","Sell"
"1","603","639","2021-04-15 01:26:13.071","1005","51","Sell"
"1","604","-612","2021-04-15 01:26:13.075","994","0","Buy"
"1","605","641","2021-04-15 01:26:13.076","0","98","Buy"
"1","606","642","2021-04-15 01:26:13.078","997","67","Buy"
"1","607","-639","2021-04-15 01:26:13.082","1005","0","Sell"
"1","608","644","2021-04-15 01:26:13.083","1003","78","Sell"
"1","609","-614","2021-04-15 01:26:13.087","996","0","Buy"
"1","610","646","2021-04-15 01:26:13.089","1002","228","Sell"
"1","611","647","2021-04-15 01:26:13.091","0","77","Sell"
"1","612","-644","2021-04-15 01:26:13.096","1003","0","Sell"
"1","613","-646","2021-04-15 01:26:13.100","1002","0","Sell"
"1","614","650","2021-04-15 01:26:13.102","997","65","Buy"
"1","615","651","2021-04-15 01:26:13.104","1003","69","Sell"
"1","616","652","2021-04-15 01:26:13.106","999","23","Buy"
"1","617","653","2021-04-15 01:26:13.108","1000","55","Buy"
"1","618","654","2021-04-15 01:26:13.109","1002","128","Sell"
"1","619","-653","2021-04-15 01:26:13.113","1000","0","Buy"
"1","620","656","2021-04-15 01:26:13.115","1001","20","Sell"
"1","621","-633","2021-04-15 01:26:13.119","998","0","Buy"
"1","622","-610","2021-04-15 01:26:13.122","995","0","Buy"
"1","623","659","2021-04-15 01:26:13.124","0","51","Buy"
"1","624","-627","2021-04-15 01:26:13.128","997","0","Buy"
"1","625","-635","2021-04-15 01:26:13.132","1004","0","Sell"
"1","626","662","2021-04-15 01:26:13.134","1003","75","Sell"
"1","627","663","2021-04-15 01:26:13.136","1000","21","Buy"
"1","628","664","2021-04-15 01:26:13.138","1003","25","Sell"
"1","629","665","2021-04-15 01:26:13.139","999","23","Buy"
"1","630","-663","2021-04-15 01:26:13.143","1000","0","Buy"
"1","631","-642","2021-04-15 01:26:13.146","997","0","Buy"
"1","632","668","2021-04-15 01:26:13.148","0","355","Buy"
"1","633","669","2021-04-15 01:26:13.150","1000","271","Buy"
"1","634","-669","2021-04-15 01:26:13.154","1000","0","Buy"
"1","635","673","2021-04-15 01:26:13.156","998","62","Buy"
"1","636","674","2021-04-15 01:26:13.158","998","30","Buy"
"1","637","676","2021-04-15 01:26:13.160","0","93","Sell"
"1","638","677","2021-04-15 01:26:13.162","997","40","Buy"
"1","639","678","2021-04-15 01:26:13.164","999","24","Buy"
"1","640","-678","2021-04-15 01:26:13.167","999","0","Buy"
"1","641","680","2021-04-15 01:26:13.169","1008","255","Sell"
"1","642","-680","2021-04-15 01:26:13.173","1008","0","Sell"
"1","643","683","2021-04-15 01:26:13.175","1003","43","Sell"
"1","644","-683","2021-04-15 01:26:13.178","1003","0","Sell"
"1","645","685","2021-04-15 01:26:13.180","997","127","Buy"
"1","646","686","2021-04-15 01:26:13.181","1007","81","Sell"
"1","647","688","2021-04-15 01:26:13.186","999","24","Buy"
"1","648","689","2021-04-15 01:26:13.188","1006","33","Sell"
"1","649","690","2021-04-15 01:26:13.190","1005","83","Sell"
"1","650","691","2021-04-15 01:26:13.192","1000","54","Buy"
"1","651","-690","2021-04-15 01:26:13.196","1005","0","Sell"
"1","652","693","2021-04-15 01:26:13.197","0","63","Buy"
"1","653","694","2021-04-15 01:26:13.199","1008","20","Sell"
"1","654","-691","2021-04-15 01:26:13.204","1000","0","Buy"
"1","655","696","2021-04-15 01:26:13.206","998","6584","Buy"
"1","656","697","2021-04-15 01:26:13.207","998","76","Buy"
"1","657","698","2021-04-15 01:26:13.208","0","614","Buy"
"1","658","699","2021-04-15 01:26:13.210","1008","20","Sell"
"1","659","-697","2021-04-15 01:26:13.213","998","0","Buy"
"1","660","701","2021-04-15 01:26:13.215","1009","51","Sell"
"1","661","-688","2021-04-15 01:26:13.219","999","0","Buy"
"1","662","-674","2021-04-15 01:26:13.222","998","0","Buy"
"1","663","-699","2021-04-15 01:26:13.225","1008","0","Sell"
"1","664","705","2021-04-15 01:26:13.227","0","169","Buy"
"1","665","707","2021-04-15 01:26:13.229","1002","23","Sell"
"1","666","-650","2021-04-15 01:26:13.233","997","0","Buy"
"1","667","709","2021-04-15 01:26:13.234","1001","413","Sell"
"1","668","710","2021-04-15 01:26:13.236","0","1801","Sell"
"1","669","711","2021-04-15 01:26:13.238","1002","82","Sell"
"1","670","712","2021-04-15 01:26:13.240","999","36","Buy"
"1","671","713","2021-04-15 01:26:13.241","0","51","Buy"
"1","672","714","2021-04-15 01:26:13.243","0","442","Buy"
"1","673","-712","2021-04-15 01:26:13.246","999","0","Buy"
"1","674","716","2021-04-15 01:26:13.248","1003","39","Sell"
"1","675","-716","2021-04-15 01:26:13.251","1003","0","Sell"
"1","676","718","2021-04-15 01:26:13.253","1003","22","Sell"
"1","677","719","2021-04-15 01:26:13.255","1003","27","Sell"
"1","678","-616","2021-04-15 01:26:13.258","997","0","Buy"
"1","679","-718","2021-04-15 01:26:13.261","1003","0","Sell"
"1","680","722","2021-04-15 01:26:13.263","997","38","Buy"
"1","681","723","2021-04-15 01:26:13.265","0","219","Sell"
"1","682","-719","2021-04-15 01:26:13.269","1003","0","Sell"
"1","683","-677","2021-04-15 01:26:13.272","997","0","Buy"
"1","684","726","2021-04-15 01:26:13.274","1003","38","Sell"
"1","685","727","2021-04-15 01:26:13.276","999","48","Buy"
"1","686","728","2021-04-15 01:26:13.277","998","521","Buy"
"1","687","-711","2021-04-15 01:26:13.281","1002","0","Sell"
"1","688","730","2021-04-15 01:26:13.282","0","52","Sell"
"1","689","-728","2021-04-15 01:26:13.286","998","0","Buy"
"1","690","732","2021-04-15 01:26:13.287","0","388","Sell"
"1","691","733","2021-04-15 01:26:13.289","1004","24","Sell"
"1","692","734","2021-04-15 01:26:13.291","997","81","Buy"
"1","693","-685","2021-04-15 01:26:13.294","997","0","Buy"
"1","694","-726","2021-04-15 01:26:13.298","1003","0","Sell"
"1","695","737","2021-04-15 01:26:13.300","0","133","Buy"
"1","696","739","2021-04-15 01:26:13.303","1001","25","Sell"
"1","697","740","2021-04-15 01:26:13.305","999","72","Buy"
"1","698","741","2021-04-15 01:26:13.306","1000","31","Buy"
"1","699","742","2021-04-15 01:26:13.308","999","39","Buy"
"1","700","743","2021-04-15 01:26:13.310","999","22","Buy"
"1","701","744","2021-04-15 01:26:13.311","1001","35","Buy"
"1","702","745","2021-04-15 01:26:13.313","1002","314","Sell"
"1","703","-745","2021-04-15 01:26:13.317","1002","0","Sell"
"1","704","747","2021-04-15 01:26:13.319","0","128","Sell"
"1","705","750","2021-04-15 01:26:13.322","998","32","Buy"
"1","706","752","2021-04-15 01:26:13.325","1005","663","Sell"
"1","707","-734","2021-04-15 01:26:13.328","997","0","Buy"
"1","708","754","2021-04-15 01:26:13.330","1004","138","Sell"
"1","709","-752","2021-04-15 01:26:13.334","1005","0","Sell"
"1","710","757","2021-04-15 01:26:13.339","1000","25","Buy"
"1","711","758","2021-04-15 01:26:13.341","0","1815","Buy"
"1","712","-722","2021-04-15 01:26:13.345","997","0","Buy"
"1","713","760","2021-04-15 01:26:13.346","999","54","Buy"
"1","714","761","2021-04-15 01:26:13.348","1003","47","Sell"
"1","715","762","2021-04-15 01:26:13.349","0","173","Sell"
"1","716","763","2021-04-15 01:26:13.351","0","133","Sell"
"1","717","764","2021-04-15 01:26:13.353","997","73","Buy"
"1","718","765","2021-04-15 01:26:13.355","1004","160","Sell"
"1","719","766","2021-04-15 01:26:13.356","1002","98","Sell"
"1","720","-764","2021-04-15 01:26:13.360","997","0","Buy"
"1","721","768","2021-04-15 01:26:13.362","1001","24","Sell"
"1","722","769","2021-04-15 01:26:13.363","0","4328","Sell"
"1","723","-768","2021-04-15 01:26:13.367","1001","0","Sell"
"1","724","771","2021-04-15 01:26:13.369","1003","812","Sell"
"1","725","772","2021-04-15 01:26:13.371","1001","29","Sell"
"1","726","-772","2021-04-15 01:26:13.374","1001","0","Sell"
"1","727","774","2021-04-15 01:26:13.376","1001","22","Sell"
"1","728","776","2021-04-15 01:26:13.378","998","48","Buy"
"1","729","777","2021-04-15 01:26:13.380","1002","27","Sell"
"1","730","778","2021-04-15 01:26:13.382","0","148","Buy"
"1","731","779","2021-04-15 01:26:13.384","1004","27","Sell"
"1","732","780","2021-04-15 01:26:13.386","0","71","Sell"
"1","733","782","2021-04-15 01:26:13.388","1002","183","Sell"
"1","734","-771","2021-04-15 01:26:13.393","1003","0","Sell"
"1","735","785","2021-04-15 01:26:13.395","1001","531","Sell"
"1","736","786","2021-04-15 01:26:13.397","992","48","Buy"
"1","737","787","2021-04-15 01:26:13.399","0","200","Sell"
"1","738","788","2021-04-15 01:26:13.403","1002","264","Sell"
"1","739","-779","2021-04-15 01:26:13.407","1004","0","Sell"
"1","740","790","2021-04-15 01:26:13.410","1002","90","Sell"
"1","741","-785","2021-04-15 01:26:13.415","1001","0","Sell"
"1","742","792","2021-04-15 01:26:13.416","0","133","Buy"
"1","743","-788","2021-04-15 01:26:13.421","1002","0","Sell"
"1","744","794","2021-04-15 01:26:13.422","1003","26","Sell"
"1","745","-782","2021-04-15 01:26:13.428","1002","0","Sell"
"1","746","798","2021-04-15 01:26:13.431","1001","60","Sell"
"1","747","-798","2021-04-15 01:26:13.438","1001","0","Sell"
"1","748","800","2021-04-15 01:26:13.439","0","70","Buy"
"1","749","-794","2021-04-15 01:26:13.445","1003","0","Sell"
"1","750","806","2021-04-15 01:26:13.448","998","54","Buy"
"1","751","807","2021-04-15 01:26:13.449","1001","92","Sell"
"1","752","808","2021-04-15 01:26:13.451","999","33","Buy"
"1","753","-808","2021-04-15 01:26:13.455","999","0","Buy"
"1","754","810","2021-04-15 01:26:13.457","997","22","Buy"
"1","755","-807","2021-04-15 01:26:13.460","1001","0","Sell"
"1","756","812","2021-04-15 01:26:13.462","1001","62","Sell"
"1","757","813","2021-04-15 01:26:13.464","997","1365","Buy"
"1","758","814","2021-04-15 01:26:13.466","1000","28","Sell"
"1","759","815","2021-04-15 01:26:13.467","997","20","Buy"
"1","760","-814","2021-04-15 01:26:13.471","1000","0","Sell"
"1","761","817","2021-04-15 01:26:13.473","1000","35","Sell"
"1","762","-812","2021-04-15 01:26:13.478","1001","0","Sell"
"1","763","-806","2021-04-15 01:26:13.482","998","0","Buy"
"1","764","820","2021-04-15 01:26:13.483","0","122","Buy"
"1","765","-815","2021-04-15 01:26:13.487","997","0","Buy"
"1","766","824","2021-04-15 01:26:13.492","998","91","Buy"
"1","767","826","2021-04-15 01:26:13.496","0","124","Sell"
"1","768","827","2021-04-15 01:26:13.498","1005","53","Sell"
"1","769","828","2021-04-15 01:26:13.500","1005","27","Sell"
"1","770","829","2021-04-15 01:26:13.502","1005","31","Sell"
"1","771","-813","2021-04-15 01:26:13.506","997","0","Buy"
"1","772","831","2021-04-15 01:26:13.508","1005","82","Sell"
"1","773","833","2021-04-15 01:26:13.510","1003","29","Sell"
"1","774","834","2021-04-15 01:26:13.512","0","788","Buy"
"1","775","837","2021-04-15 01:26:13.515","1000","33","Buy"
"1","776","838","2021-04-15 01:26:13.516","1009","34","Sell"
"1","777","839","2021-04-15 01:26:13.518","1008","175","Sell"
"1","778","-837","2021-04-15 01:26:13.561","1000","0","Buy"
"1","779","842","2021-04-15 01:26:13.563","1001","25","Buy"
"1","780","843","2021-04-15 01:26:13.565","1007","89","Sell"
"1","781","-839","2021-04-15 01:26:13.568","1008","0","Sell"
"1","782","845","2021-04-15 01:26:13.570","1000","61","Buy"
"1","783","-842","2021-04-15 01:26:13.574","1001","0","Buy"
"1","784","847","2021-04-15 01:26:13.575","1008","25","Sell"
"1","785","-845","2021-04-15 01:26:13.580","1000","0","Buy"
"1","786","-847","2021-04-15 01:26:13.584","1008","0","Sell"
"1","787","-838","2021-04-15 01:26:13.587","1009","0","Sell"
"1","788","854","2021-04-15 01:26:13.589","1006","48","Buy"
"1","789","855","2021-04-15 01:26:13.591","1007","38","Buy"
"1","790","856","2021-04-15 01:26:13.593","1005","33","Buy"
"1","791","858","2021-04-15 01:26:13.597","1006","43","Sell"
"1","792","859","2021-04-15 01:26:13.599","1006","27","Sell"
"1","793","860","2021-04-15 01:26:13.601","1005","247","Sell"
"1","794","861","2021-04-15 01:26:13.602","998","49","Buy"
"1","795","862","2021-04-15 01:26:13.604","997","22","Buy"
"1","796","863","2021-04-15 01:26:13.606","1006","23","Sell"
"1","797","-860","2021-04-15 01:26:13.609","1005","0","Sell"
"1","798","865","2021-04-15 01:26:13.611","0","56","Sell"
"1","799","866","2021-04-15 01:26:13.613","0","62","Sell"
"1","800","868","2021-04-15 01:26:13.615","1001","89","Buy"
"1","801","-859","2021-04-15 01:26:13.619","1006","0","Sell"
"1","802","870","2021-04-15 01:26:13.620","0","54","Sell"
"1","803","871","2021-04-15 01:26:13.621","1005","48","Sell"
"1","804","-868","2021-04-15 01:26:13.625","1001","0","Buy"
"1","805","-843","2021-04-15 01:26:13.628","1007","0","Sell"
"1","806","874","2021-04-15 01:26:13.630","1006","51","Sell"
"1","807","877","2021-04-15 01:26:13.634","1004","63","Sell"
"1","808","878","2021-04-15 01:26:13.636","1003","40","Sell"
"1","809","879","2021-04-15 01:26:13.638","1002","67","Sell"
"1","810","880","2021-04-15 01:26:13.640","0","933","Buy"
"1","811","882","2021-04-15 01:26:13.643","1007","567","Sell"
"1","812","883","2021-04-15 01:26:13.645","998","32","Buy"
"1","813","884","2021-04-15 01:26:13.647","0","66","Sell"
"1","814","-882","2021-04-15 01:26:13.651","1007","0","Sell"
"1","815","887","2021-04-15 01:26:13.653","1001","618","Sell"
"1","816","889","2021-04-15 01:26:13.655","1000","40","Sell"
"1","817","-887","2021-04-15 01:26:13.660","1001","0","Sell"
"1","818","892","2021-04-15 01:26:13.662","999","53","Buy"
"1","819","893","2021-04-15 01:26:13.663","1001","43","Sell"
"1","820","894","2021-04-15 01:26:13.665","1001","66","Sell"
"1","821","896","2021-04-15 01:26:13.669","999","73","Sell"
"1","822","-896","2021-04-15 01:26:13.673","999","0","Sell"
"1","823","898","2021-04-15 01:26:13.675","996","29","Buy"
"1","824","-889","2021-04-15 01:26:13.678","1000","0","Sell"
"1","825","900","2021-04-15 01:26:13.680","1002","25","Sell"
"1","826","901","2021-04-15 01:26:13.681","1002","48","Sell"
"1","827","902","2021-04-15 01:26:13.683","1002","23","Sell"
"1","828","903","2021-04-15 01:26:13.685","0","194","Buy"
"1","829","905","2021-04-15 01:26:13.689","1003","136","Sell"
"1","830","-902","2021-04-15 01:26:13.692","1002","0","Sell"
"1","831","-905","2021-04-15 01:26:13.696","1003","0","Sell"
"1","832","908","2021-04-15 01:26:13.698","997","25","Buy"
"1","833","909","2021-04-15 01:26:13.699","996","1491","Buy"
"1","834","910","2021-04-15 01:26:13.701","1000","39","Sell"
"1","835","-908","2021-04-15 01:26:13.704","997","0","Buy"
"1","836","912","2021-04-15 01:26:13.706","999","74","Sell"
"1","837","913","2021-04-15 01:26:13.708","995","39","Buy"
"1","838","-898","2021-04-15 01:26:13.711","996","0","Buy"
"1","839","-909","2021-04-15 01:26:13.715","996","0","Buy"
"1","840","916","2021-04-15 01:26:13.716","1000","22","Sell"
"1","841","917","2021-04-15 01:26:13.718","1000","30","Sell"
"1","842","918","2021-04-15 01:26:13.720","998","92","Sell"
"1","843","919","2021-04-15 01:26:13.721","994","25","Buy"
"1","844","920","2021-04-15 01:26:13.723","0","76","Buy"
"1","845","921","2021-04-15 01:26:13.725","996","64","Buy"
"1","846","-912","2021-04-15 01:26:13.728","999","0","Sell"
"1","847","923","2021-04-15 01:26:13.731","995","6550","Buy"
"1","848","-916","2021-04-15 01:26:13.735","1000","0","Sell"
"1","849","-913","2021-04-15 01:26:13.739","995","0","Buy"
"1","850","-917","2021-04-15 01:26:13.743","1000","0","Sell"
"1","851","927","2021-04-15 01:26:13.745","999","60","Sell"
"1","852","-923","2021-04-15 01:26:13.749","995","0","Buy"
"1","853","929","2021-04-15 01:26:13.750","995","33","Buy"
"1","854","930","2021-04-15 01:26:13.752","0","160","Buy"
"1","855","-921","2021-04-15 01:26:13.755","996","0","Buy"
"1","856","932","2021-04-15 01:26:13.757","994","27","Buy"
"1","857","933","2021-04-15 01:26:13.759","994","25","Buy"
"1","858","937","2021-04-15 01:26:13.762","996","25","Sell"
"1","859","938","2021-04-15 01:26:13.764","995","22","Sell"
"1","860","-937","2021-04-15 01:26:13.768","996","0","Sell"
"1","861","941","2021-04-15 01:26:13.771","1000","20","Sell"
"1","862","943","2021-04-15 01:26:13.775","0","128","Sell"
"1","863","945","2021-04-15 01:26:13.777","999","72","Buy"
"1","864","-945","2021-04-15 01:26:13.782","999","0","Buy"
"1","865","950","2021-04-15 01:26:13.786","0","85","Buy"
"1","866","952","2021-04-15 01:26:13.789","990","138","Buy"
"1","867","-952","2021-04-15 01:26:13.792","990","0","Buy"
"1","868","954","2021-04-15 01:26:13.794","1000","25","Sell"
"1","869","957","2021-04-15 01:26:13.797","991","56","Buy"
"1","870","-957","2021-04-15 01:26:13.800","991","0","Buy"
"1","871","959","2021-04-15 01:26:13.802","0","54","Buy"
"1","872","960","2021-04-15 01:26:13.812","993","36","Sell"
"1","873","963","2021-04-15 01:26:13.816","992","40","Sell"
"1","874","964","2021-04-15 01:26:13.818","990","23","Buy"
"1","875","-964","2021-04-15 01:26:13.821","990","0","Buy"
"1","876","966","2021-04-15 01:26:13.823","991","54","Sell"
"1","877","967","2021-04-15 01:26:13.825","987","33","Buy"
"1","878","968","2021-04-15 01:26:13.826","992","21","Sell"
"1","879","969","2021-04-15 01:26:13.828","0","1168","Sell"
"1","880","972","2021-04-15 01:26:13.831","992","47","Sell"
"1","881","973","2021-04-15 01:26:13.832","987","24","Buy"
"1","882","974","2021-04-15 01:26:13.834","992","142","Sell"
"1","883","-973","2021-04-15 01:26:13.839","987","0","Buy"
"1","884","-966","2021-04-15 01:26:13.843","991","0","Sell"
"1","885","978","2021-04-15 01:26:13.845","993","69","Sell"
"1","886","-978","2021-04-15 01:26:13.848","993","0","Sell"
"1","887","980","2021-04-15 01:26:13.850","982","157","Buy"
"1","888","982","2021-04-15 01:26:13.855","981","48","Buy"
"1","889","-960","2021-04-15 01:26:13.859","993","0","Sell"
"1","890","984","2021-04-15 01:26:13.861","0","164","Buy"
"1","891","-982","2021-04-15 01:26:13.864","981","0","Buy"
"1","892","-980","2021-04-15 01:26:13.867","982","0","Buy"
"1","893","987","2021-04-15 01:26:13.869","990","29","Buy"
"1","894","988","2021-04-15 01:26:13.870","0","2414","Buy"
"1","895","989","2021-04-15 01:26:13.872","989","116","Buy"
"1","896","990","2021-04-15 01:26:13.874","995","34","Sell"
"1","897","991","2021-04-15 01:26:13.876","991","61","Buy"
"1","898","-989","2021-04-15 01:26:13.879","989","0","Buy"
"1","899","993","2021-04-15 01:26:13.881","994","55","Sell"
"1","900","-993","2021-04-15 01:26:13.884","994","0","Sell"
"1","901","-990","2021-04-15 01:26:13.887","995","0","Sell"
"1","902","996","2021-04-15 01:26:13.889","0","74","Sell"
"1","903","-987","2021-04-15 01:26:13.892","990","0","Buy"
"1","904","1000","2021-04-15 01:26:13.896","997","43","Sell"
"1","905","1001","2021-04-15 01:26:13.897","0","174","Buy"
"1","906","1002","2021-04-15 01:26:13.899","1000","24","Sell"
"1","907","1004","2021-04-15 01:26:13.903","999","83","Sell"
"1","908","1005","2021-04-15 01:26:13.905","1000","62","Sell"
"1","909","1006","2021-04-15 01:26:13.907","989","38","Buy"
"1","910","-1004","2021-04-15 01:26:13.910","999","0","Sell"
"1","911","1009","2021-04-15 01:26:13.913","0","92","Sell"
"1","912","1011","2021-04-15 01:26:13.916","1001","21","Sell"
"1","913","-1011","2021-04-15 01:26:13.919","1001","0","Sell"
"1","914","1013","2021-04-15 01:26:13.921","999","37","Sell"
"1","915","1014","2021-04-15 01:26:13.922","1000","27","Sell"
"1","916","1015","2021-04-15 01:26:13.924","990","38","Buy"
"1","917","1016","2021-04-15 01:26:13.926","991","35","Buy"
"1","918","1017","2021-04-15 01:26:13.929","0","101","Buy"
"1","919","1018","2021-04-15 01:26:13.930","990","41","Buy"
"1","920","1019","2021-04-15 01:26:13.932","992","66","Buy"
"1","921","1020","2021-04-15 01:26:13.934","991","32","Buy"
"1","922","1021","2021-04-15 01:26:13.936","1001","40","Sell"
"1","923","1022","2021-04-15 01:26:13.937","999","186","Sell"
"1","924","1023","2021-04-15 01:26:13.939","993","22","Buy"
"1","925","1024","2021-04-15 01:26:13.940","998","35","Sell"
"1","926","-1024","2021-04-15 01:26:13.944","998","0","Sell"
"1","927","-1005","2021-04-15 01:26:13.948","1000","0","Sell"
"1","928","-1021","2021-04-15 01:26:13.951","1001","0","Sell"
"1","929","1028","2021-04-15 01:26:13.953","0","61","Sell"
"1","930","1029","2021-04-15 01:26:13.955","1000","24","Sell"
"1","931","-1019","2021-04-15 01:26:13.958","992","0","Buy"
"1","932","1031","2021-04-15 01:26:13.960","992","542","Buy"
"1","933","1032","2021-04-15 01:26:13.962","998","64","Sell"
"1","934","1033","2021-04-15 01:26:13.964","0","462","Buy"
"1","935","-1031","2021-04-15 01:26:13.968","992","0","Buy"
"1","936","-1015","2021-04-15 01:26:13.972","990","0","Buy"
"1","937","1040","2021-04-15 01:26:13.974","992","58","Buy"
"1","938","1041","2021-04-15 01:26:13.976","991","35","Buy"
"1","939","1042","2021-04-15 01:26:13.978","991","21","Buy"
"1","940","-1016","2021-04-15 01:26:13.981","991","0","Buy"
"1","941","1044","2021-04-15 01:26:13.983","991","25","Buy"
"1","942","1045","2021-04-15 01:26:13.985","0","443","Sell"
"1","943","1047","2021-04-15 01:26:13.987","996","27","Sell"
"1","944","1048","2021-04-15 01:26:13.989","995","96","Sell"
"1","945","-1048","2021-04-15 01:26:13.992","995","0","Sell"
"1","946","1052","2021-04-15 01:26:13.995","987","25","Buy"
"1","947","-1047","2021-04-15 01:26:13.998","996","0","Sell"
"1","948","1055","2021-04-15 01:26:14.000","992","23","Sell"
"1","949","1056","2021-04-15 01:26:14.003","988","149","Buy"
"1","950","1057","2021-04-15 01:26:14.005","989","24","Buy"
"1","951","1058","2021-04-15 01:26:14.006","993","145","Sell"
"1","952","1059","2021-04-15 01:26:14.008","990","219","Buy"
"1","953","1060","2021-04-15 01:26:14.009","993","63","Sell"
"1","954","1061","2021-04-15 01:26:14.010","0","98","Buy"
"1","955","1063","2021-04-15 01:26:14.014","991","38","Buy"
"1","956","1064","2021-04-15 01:26:14.016","990","25","Buy"
"1","957","1065","2021-04-15 01:26:14.018","990","22","Buy"
"1","958","1066","2021-04-15 01:26:14.019","0","61","Buy"
"1","959","-1063","2021-04-15 01:26:14.027","991","0","Buy"
"1","960","1068","2021-04-15 01:26:14.028","0","78","Sell"
"1","961","1069","2021-04-15 01:26:14.031","994","62","Sell"
"1","962","1070","2021-04-15 01:26:14.032","992","30","Sell"
"1","963","-1064","2021-04-15 01:26:14.037","990","0","Buy"
"1","964","-1059","2021-04-15 01:26:14.041","990","0","Buy"
"1","965","1073","2021-04-15 01:26:14.043","993","22","Sell"
"1","966","-1070","2021-04-15 01:26:14.047","992","0","Sell"
"1","967","1075","2021-04-15 01:26:14.049","994","35","Sell"
"1","968","1076","2021-04-15 01:26:14.051","989","43","Buy"
"1","969","1077","2021-04-15 01:26:14.053","994","58","Sell"
"1","970","1078","2021-04-15 01:26:14.054","991","43","Buy"
"1","971","1079","2021-04-15 01:26:14.056","990","43","Buy"
"1","972","-1057","2021-04-15 01:26:14.060","989","0","Buy"
"1","973","1081","2021-04-15 01:26:14.062","990","876","Buy"
"1","974","1082","2021-04-15 01:26:14.064","0","79","Sell"
"1","975","1083","2021-04-15 01:26:14.065","991","22","Buy"
"1","976","-1081","2021-04-15 01:26:14.070","990","0","Buy"
"1","977","-1069","2021-04-15 01:26:14.075","994","0","Sell"
"1","978","1086","2021-04-15 01:26:14.076","992","234","Buy"
"1","979","1087","2021-04-15 01:26:14.078","993","22","Buy"
"1","980","-1086","2021-04-15 01:26:14.082","992","0","Buy"
"1","981","1089","2021-04-15 01:26:14.084","0","204","Sell"
"1","982","1090","2021-04-15 01:26:14.086","987","39","Buy"
"1","983","1091","2021-04-15 01:26:14.088","989","132","Buy"
"1","984","1092","2021-04-15 01:26:14.090","988","63","Buy"
"1","985","1093","2021-04-15 01:26:14.092","992","21","Sell"
"1","986","-1093","2021-04-15 01:26:14.097","992","0","Sell"
"1","987","-1077","2021-04-15 01:26:14.101","994","0","Sell"
"1","988","1096","2021-04-15 01:26:14.103","992","52","Sell"
"1","989","-1090","2021-04-15 01:26:14.107","987","0","Buy"
"1","990","1098","2021-04-15 01:26:14.109","990","81","Buy"
"1","991","1099","2021-04-15 01:26:14.110","991","23","Buy"
"1","992","1100","2021-04-15 01:26:14.112","992","25","Buy"
"1","993","1101","2021-04-15 01:26:14.113","990","72","Buy"
"1","994","1102","2021-04-15 01:26:14.114","0","105","Buy"
"1","995","1103","2021-04-15 01:26:14.116","992","34","Buy"
"1","996","1104","2021-04-15 01:26:14.118","995","39","Sell"
"1","997","1105","2021-04-15 01:26:14.120","0","53","Sell"
"1","998","1106","2021-04-15 01:26:14.121","0","116","Buy"
"1","999","1108","2021-04-15 01:26:14.125","0","796","Sell"
"1","1000","1111","2021-04-15 01:26:14.128","997","24","Sell"
"1","1001","1112","2021-04-15 01:26:14.130","996","280","Buy"
"1","1002","1113","2021-04-15 01:26:14.132","996","51","Sell"
"1","1003","1114","2021-04-15 01:26:14.134","996","35","Sell"
"1","1004","-1111","2021-04-15 01:26:14.137","997","0","Sell"
"1","1005","1118","2021-04-15 01:26:14.139","0","376","Sell"
"1","1006","1121","2021-04-15 01:26:14.142","1002","21","Sell"
"1","1007","-1121","2021-04-15 01:26:14.146","1002","0","Sell"
"1","1008","1126","2021-04-15 01:26:14.149","1001","22","Sell"
"1","1009","1129","2021-04-15 01:26:14.153","993","53","Buy"
"1","1010","1130","2021-04-15 01:26:14.155","1000","4091","Sell"
"1","1011","1131","2021-04-15 01:26:14.157","992","21","Buy"
"1","1012","1132","2021-04-15 01:26:14.159","992","29","Buy"
"1","1013","-1131","2021-04-15 01:26:14.163","992","0","Buy"
"1","1014","1134","2021-04-15 01:26:14.164","992","308","Buy"
"1","1015","1135","2021-04-15 01:26:14.165","0","9911","Sell"
"1","1016","1136","2021-04-15 01:26:14.168","1001","6720","Sell"
"1","1017","-1130","2021-04-15 01:26:14.171","1000","0","Sell"
"1","1018","1139","2021-04-15 01:26:14.175","0","59","Buy"
"1","1019","1140","2021-04-15 01:26:14.177","1000","102","Sell"
"1","1020","1141","2021-04-15 01:26:14.179","999","35","Sell"
"1","1021","1143","2021-04-15 01:26:14.181","992","30","Buy"
"1","1022","-1140","2021-04-15 01:26:14.184","1000","0","Sell"
"1","1023","1145","2021-04-15 01:26:14.185","993","44","Buy"
"1","1024","1146","2021-04-15 01:26:14.187","1000","61","Sell"
"1","1025","1147","2021-04-15 01:26:14.190","992","78","Buy"
"1","1026","-1141","2021-04-15 01:26:14.193","999","0","Sell"
"1","1027","1149","2021-04-15 01:26:14.195","994","25","Buy"
"1","1028","-1145","2021-04-15 01:26:14.199","993","0","Buy"
"1","1029","-1147","2021-04-15 01:26:14.203","992","0","Buy"
"1","1030","1152","2021-04-15 01:26:14.205","993","217","Buy"
"1","1031","-1152","2021-04-15 01:26:14.208","993","0","Buy"
"1","1032","-1143","2021-04-15 01:26:14.211","992","0","Buy"
"1","1033","-1149","2021-04-15 01:26:14.214","994","0","Buy"
"1","1034","1156","2021-04-15 01:26:14.216","998","59","Buy"
"1","1035","1157","2021-04-15 01:26:14.217","999","24","Sell"
"1","1036","1158","2021-04-15 01:26:14.219","997","44","Buy"
"1","1037","1159","2021-04-15 01:26:14.221","999","281","Buy"
"1","1038","1160","2021-04-15 01:26:14.223","1000","33","Buy"
"1","1039","1161","2021-04-15 01:26:14.225","999","943","Sell"
"1","1040","1162","2021-04-15 01:26:14.227","999","36","Buy"
"1","1041","1163","2021-04-15 01:26:14.229","997","51","Buy"
"1","1042","1164","2021-04-15 01:26:14.231","0","239","Buy"
"1","1043","-1161","2021-04-15 01:26:14.234","999","0","Sell"
"1","1044","-1136","2021-04-15 01:26:14.237","1001","0","Sell"
"1","1045","1167","2021-04-15 01:26:14.239","999","44","Sell"
"1","1046","1168","2021-04-15 01:26:14.241","1000","63","Sell"
"1","1047","1169","2021-04-15 01:26:14.242","1000","34","Sell"
"1","1048","-1168","2021-04-15 01:26:14.246","1000","0","Sell"
"1","1049","-1167","2021-04-15 01:26:14.249","999","0","Sell"
"1","1050","-1156","2021-04-15 01:26:14.253","998","0","Buy"
"1","1051","1173","2021-04-15 01:26:14.254","998","46","Buy"
"1","1052","1174","2021-04-15 01:26:14.256","999","232","Buy"
"1","1053","1175","2021-04-15 01:26:14.257","999","30","Sell"
"1","1054","1176","2021-04-15 01:26:14.259","0","84","Buy"
"1","1055","1177","2021-04-15 01:26:14.260","1004","144","Sell"
"1","1056","1178","2021-04-15 01:26:14.262","1003","30","Sell"
"1","1057","-1174","2021-04-15 01:26:14.265","999","0","Buy"
"1","1058","-1173","2021-04-15 01:26:14.269","998","0","Buy"
"1","1059","-1178","2021-04-15 01:26:14.273","1003","0","Sell"
"1","1060","1182","2021-04-15 01:26:14.274","0","52","Sell"
"1","1061","1184","2021-04-15 01:26:14.278","0","569","Sell"
"1","1062","1185","2021-04-15 01:26:14.280","1003","28","Buy"
"1","1063","1186","2021-04-15 01:26:14.282","1003","60913","Sell"
"1","1064","-1177","2021-04-15 01:26:14.286","1004","0","Sell"
"1","1065","1190","2021-04-15 01:26:14.287","995","46","Buy"
"1","1066","1191","2021-04-15 01:26:14.289","994","29","Buy"
"1","1067","1192","2021-04-15 01:26:14.291","1004","24","Sell"
"1","1068","-1192","2021-04-15 01:26:14.294","1004","0","Sell"
"1","1069","-1191","2021-04-15 01:26:14.298","994","0","Buy"
"1","1070","1195","2021-04-15 01:26:14.300","1002","24","Sell"
"1","1071","-1195","2021-04-15 01:26:14.304","1002","0","Sell"
"1","1072","1197","2021-04-15 01:26:14.306","1004","22","Sell"
"1","1073","1198","2021-04-15 01:26:14.308","1004","31","Sell"
"1","1074","1199","2021-04-15 01:26:14.310","0","563","Buy"
"1","1075","1200","2021-04-15 01:26:14.312","994","29","Buy"
"1","1076","1201","2021-04-15 01:26:14.314","1002","21","Sell"
"1","1077","1202","2021-04-15 01:26:14.316","1003","46","Sell"
"1","1078","-1197","2021-04-15 01:26:14.322","1004","0","Sell"
"1","1079","1204","2021-04-15 01:26:14.324","1003","34","Sell"
"1","1080","1205","2021-04-15 01:26:14.326","0","98","Buy"
"1","1081","-1200","2021-04-15 01:26:14.330","994","0","Buy"
"1","1082","1209","2021-04-15 01:26:14.337","1002","24","Sell"
"1","1083","-1202","2021-04-15 01:26:14.341","1003","0","Sell"
"1","1084","1211","2021-04-15 01:26:14.343","1001","37","Sell"
"1","1085","1212","2021-04-15 01:26:14.345","1002","48","Sell"
"1","1086","-1190","2021-04-15 01:26:14.352","995","0","Buy"
"1","1087","1215","2021-04-15 01:26:14.353","0","202","Buy"
"1","1088","1216","2021-04-15 01:26:14.355","994","242","Buy"
"1","1089","1217","2021-04-15 01:26:14.357","0","51","Sell"
"1","1090","1218","2021-04-15 01:26:14.359","995","344","Buy"
"1","1091","-1216","2021-04-15 01:26:14.362","994","0","Buy"
"1","1092","1220","2021-04-15 01:26:14.364","1002","45","Sell"
"1","1093","-1218","2021-04-15 01:26:14.367","995","0","Buy"
"1","1094","1222","2021-04-15 01:26:14.369","1001","313","Sell"
"1","1095","1223","2021-04-15 01:26:14.371","992","373","Buy"
"1","1096","1225","2021-04-15 01:26:14.375","993","82","Buy"
"1","1097","1226","2021-04-15 01:26:14.376","992","338","Buy"
"1","1098","-1186","2021-04-15 01:26:14.380","1003","0","Sell"
"1","1099","1228","2021-04-15 01:26:14.382","1002","1962","Sell"
"1","1100","1229","2021-04-15 01:26:14.384","994","249","Buy"
"1","1101","-1223","2021-04-15 01:26:14.388","992","0","Buy"
"1","1102","1231","2021-04-15 01:26:14.390","995","115","Buy"
"1","1103","1232","2021-04-15 01:26:14.392","994","43","Buy"
"1","1104","1233","2021-04-15 01:26:14.394","996","28","Buy"
"1","1105","-1226","2021-04-15 01:26:14.398","992","0","Buy"
"1","1106","-1233","2021-04-15 01:26:14.403","996","0","Buy"
"1","1107","-1231","2021-04-15 01:26:14.408","995","0","Buy"
"1","1108","-1220","2021-04-15 01:26:14.412","1002","0","Sell"
"1","1109","-1222","2021-04-15 01:26:14.415","1001","0","Sell"
"1","1110","1239","2021-04-15 01:26:14.417","1001","56","Sell"
"1","1111","1240","2021-04-15 01:26:14.418","1000","71","Sell"
"1","1112","-1240","2021-04-15 01:26:14.422","1000","0","Sell"
"1","1113","-1225","2021-04-15 01:26:14.425","993","0","Buy"
"1","1114","-1232","2021-04-15 01:26:14.430","994","0","Buy"
"1","1115","1244","2021-04-15 01:26:14.432","993","50","Buy"
"1","1116","1245","2021-04-15 01:26:14.434","1002","27","Sell"
"1","1117","1246","2021-04-15 01:26:14.435","1000","2846","Sell"
"1","1118","-1229","2021-04-15 01:26:14.439","994","0","Buy"
"1","1119","1248","2021-04-15 01:26:14.441","999","141","Sell"
"1","1120","1249","2021-04-15 01:26:14.443","992","34","Buy"
"1","1121","1250","2021-04-15 01:26:14.445","1000","26","Sell"
"1","1122","1251","2021-04-15 01:26:14.446","0","65","Buy"
"1","1123","-1248","2021-04-15 01:26:14.451","999","0","Sell"
"1","1124","-1249","2021-04-15 01:26:14.455","992","0","Buy"
"1","1125","1254","2021-04-15 01:26:14.457","992","127","Buy"
"1","1126","1255","2021-04-15 01:26:14.459","1001","20","Sell"
"1","1127","-1204","2021-04-15 01:26:14.463","1003","0","Sell"
"1","1128","-1198","2021-04-15 01:26:14.467","1004","0","Sell"
"1","1129","1258","2021-04-15 01:26:14.469","1001","29","Sell"
"1","1130","1259","2021-04-15 01:26:14.470","1001","28","Sell"
"1","1131","-1254","2021-04-15 01:26:14.474","992","0","Buy"
"1","1132","1261","2021-04-15 01:26:14.475","999","70","Sell"
"1","1133","1262","2021-04-15 01:26:14.477","992","108","Buy"
"1","1134","1263","2021-04-15 01:26:14.478","1000","292","Sell"
"1","1135","-1244","2021-04-15 01:26:14.483","993","0","Buy"
"1","1136","1265","2021-04-15 01:26:14.485","0","836","Sell"
"1","1137","1266","2021-04-15 01:26:14.486","998","33","Sell"
"1","1138","1268","2021-04-15 01:26:14.489","997","66","Sell"
"1","1139","1269","2021-04-15 01:26:14.491","987","22","Buy"
"1","1140","1271","2021-04-15 01:26:14.497","986","22","Buy"
"1","1141","-1268","2021-04-15 01:26:14.503","997","0","Sell"
"1","1142","-1228","2021-04-15 01:26:14.508","1002","0","Sell"
"1","1143","1274","2021-04-15 01:26:14.509","986","40","Buy"
"1","1144","-1271","2021-04-15 01:26:14.514","986","0","Buy"
"1","1145","1276","2021-04-15 01:26:14.516","986","44","Buy"
"1","1146","-1276","2021-04-15 01:26:14.520","986","0","Buy"
"1","1147","1278","2021-04-15 01:26:14.522","988","23","Buy"
"1","1148","1279","2021-04-15 01:26:14.524","987","18953","Buy"
"1","1149","-1269","2021-04-15 01:26:14.528","987","0","Buy"
"1","1150","1281","2021-04-15 01:26:14.530","987","74","Buy"
"1","1151","-1266","2021-04-15 01:26:14.535","998","0","Sell"
"1","1152","-1261","2021-04-15 01:26:14.540","999","0","Sell"
"1","1153","1284","2021-04-15 01:26:14.542","989","25","Buy"
"1","1154","1285","2021-04-15 01:26:14.543","1001","176","Sell"
"1","1155","1286","2021-04-15 01:26:14.545","0","79","Buy"
"1","1156","1287","2021-04-15 01:26:14.547","0","259","Buy"
"1","1157","1288","2021-04-15 01:26:14.549","0","203","Sell"
"1","1158","-1246","2021-04-15 01:26:14.553","1000","0","Sell"
"1","1159","1290","2021-04-15 01:26:14.555","0","56","Sell"
"1","1160","1291","2021-04-15 01:26:14.557","1001","221","Sell"
"1","1161","1292","2021-04-15 01:26:14.558","988","33","Buy"
"1","1162","1293","2021-04-15 01:26:14.560","999","29","Sell"
"1","1163","1294","2021-04-15 01:26:14.562","987","42","Buy"
"1","1164","-1293","2021-04-15 01:26:14.567","999","0","Sell"
"1","1165","1296","2021-04-15 01:26:14.569","987","129","Buy"
"1","1166","1297","2021-04-15 01:26:14.571","0","60","Buy"
"1","1167","1298","2021-04-15 01:26:14.573","999","319","Sell"
"1","1168","1299","2021-04-15 01:26:14.574","998","52","Sell"
"1","1169","-1281","2021-04-15 01:26:14.578","987","0","Buy"
"1","1170","-1298","2021-04-15 01:26:14.582","999","0","Sell"
"1","1171","1302","2021-04-15 01:26:14.584","997","36","Sell"
"1","1172","1303","2021-04-15 01:26:14.586","996","45","Sell"
"1","1173","-1294","2021-04-15 01:26:14.591","987","0","Buy"
"1","1174","-1292","2021-04-15 01:26:14.597","988","0","Buy"
"1","1175","1306","2021-04-15 01:26:14.599","997","38","Sell"
"1","1176","-1274","2021-04-15 01:26:14.605","986","0","Buy"
"1","1177","1308","2021-04-15 01:26:14.606","988","40","Buy"
"1","1178","1309","2021-04-15 01:26:14.608","989","63","Buy"
"1","1179","-1291","2021-04-15 01:26:14.613","1001","0","Sell"
"1","1180","-1303","2021-04-15 01:26:14.617","996","0","Sell"
"1","1181","-1279","2021-04-15 01:26:14.622","987","0","Buy"
"1","1182","1313","2021-04-15 01:26:14.624","998","250","Sell"
"1","1183","-1245","2021-04-15 01:26:14.628","1002","0","Sell"
"1","1184","-1258","2021-04-15 01:26:14.632","1001","0","Sell"
"1","1185","1316","2021-04-15 01:26:14.634","990","20","Buy"
"1","1186","1317","2021-04-15 01:26:14.636","0","55","Sell"
"1","1187","1318","2021-04-15 01:26:14.638","0","104","Buy"
"1","1188","1319","2021-04-15 01:26:14.640","988","140","Buy"
"1","1189","-1309","2021-04-15 01:26:14.645","989","0","Buy"
"1","1190","1321","2021-04-15 01:26:14.646","999","85","Sell"
"1","1191","1322","2021-04-15 01:26:14.648","987","51","Buy"
"1","1192","1323","2021-04-15 01:26:14.650","0","555","Sell"
"1","1193","1325","2021-04-15 01:26:14.652","997","109","Buy"
"1","1194","-1299","2021-04-15 01:26:14.656","998","0","Sell"
"1","1195","-1313","2021-04-15 01:26:14.714","998","0","Sell"
"1","1196","1328","2021-04-15 01:26:14.715","996","31","Buy"
"1","1197","1329","2021-04-15 01:26:14.717","0","1786","Buy"
"1","1198","-1328","2021-04-15 01:26:14.721","996","0","Buy"
"1","1199","1332","2021-04-15 01:26:14.723","0","380","Sell"
"1","1200","1336","2021-04-15 01:26:14.726","1006","238","Sell"
"1","1201","1338","2021-04-15 01:26:14.729","996","76","Buy"
"1","1202","-1336","2021-04-15 01:26:14.731","1006","0","Sell"
"1","1203","1341","2021-04-15 01:26:14.735","995","50","Buy"
"1","1204","1342","2021-04-15 01:26:14.737","995","58","Buy"
"1","1205","1343","2021-04-15 01:26:14.739","1005","20","Sell"
"1","1206","1344","2021-04-15 01:26:14.741","1006","23","Sell"
"1","1207","1345","2021-04-15 01:26:14.743","997","24","Buy"
"1","1208","-1345","2021-04-15 01:26:14.746","997","0","Buy"
"1","1209","-1344","2021-04-15 01:26:14.750","1006","0","Sell"
"1","1210","1348","2021-04-15 01:26:14.751","0","56","Sell"
"1","1211","-1341","2021-04-15 01:26:14.755","995","0","Buy"
"1","1212","1350","2021-04-15 01:26:14.756","1004","52","Sell"
"1","1213","1351","2021-04-15 01:26:14.758","997","26","Buy"
"1","1214","-1351","2021-04-15 01:26:14.761","997","0","Buy"
"1","1215","1353","2021-04-15 01:26:14.762","995","1352","Buy"
"1","1216","1354","2021-04-15 01:26:14.764","1003","591","Sell"
"1","1217","-1343","2021-04-15 01:26:14.767","1005","0","Sell"
"1","1218","1356","2021-04-15 01:26:14.769","995","60","Buy"
"1","1219","1357","2021-04-15 01:26:14.770","1002","40","Sell"
"1","1220","1358","2021-04-15 01:26:14.772","1001","30","Sell"
"1","1221","-1358","2021-04-15 01:26:14.775","1001","0","Sell"
"1","1222","-1357","2021-04-15 01:26:14.779","1002","0","Sell"
"1","1223","1361","2021-04-15 01:26:14.780","0","288","Buy"
"1","1224","1362","2021-04-15 01:26:14.782","1004","55","Sell"
"1","1225","1363","2021-04-15 01:26:14.784","0","50","Sell"
"1","1226","1364","2021-04-15 01:26:14.786","1002","349","Sell"
"1","1227","1365","2021-04-15 01:26:14.788","996","95","Buy"
"1","1228","-1354","2021-04-15 01:26:14.792","1003","0","Sell"
"1","1229","1367","2021-04-15 01:26:14.794","1003","211","Sell"
"1","1230","1368","2021-04-15 01:26:14.795","1001","21","Sell"
"1","1231","1369","2021-04-15 01:26:14.797","1002","33","Sell"
"1","1232","1370","2021-04-15 01:26:14.799","0","81","Sell"
"1","1233","1371","2021-04-15 01:26:14.800","0","1206","Sell"
"1","1234","1372","2021-04-15 01:26:14.802","0","145","Buy"
"1","1235","-1356","2021-04-15 01:26:14.806","995","0","Buy"
"1","1236","1375","2021-04-15 01:26:14.810","1001","187","Sell"
"1","1237","1376","2021-04-15 01:26:14.812","1000","26","Sell"
"1","1238","1377","2021-04-15 01:26:14.813","999","29","Sell"
"1","1239","1378","2021-04-15 01:26:14.815","0","61","Sell"
"1","1240","-1377","2021-04-15 01:26:14.819","999","0","Sell"
"1","1241","1380","2021-04-15 01:26:14.821","0","50","Sell"
"1","1242","1381","2021-04-15 01:26:14.824","1001","40","Sell"
"1","1243","-1350","2021-04-15 01:26:14.828","1004","0","Sell"
"1","1244","1383","2021-04-15 01:26:14.829","0","220","Sell"
"1","1245","1384","2021-04-15 01:26:14.831","1001","40","Sell"
"1","1246","1385","2021-04-15 01:26:14.833","993","103","Buy"
"1","1247","1386","2021-04-15 01:26:14.835","992","420","Buy"
"1","1248","1387","2021-04-15 01:26:14.836","994","51","Buy"
"1","1249","1388","2021-04-15 01:26:14.838","0","71","Sell"
"1","1250","-1385","2021-04-15 01:26:14.842","993","0","Buy"
"1","1251","1390","2021-04-15 01:26:14.843","999","23","Sell"
"1","1252","1392","2021-04-15 01:26:14.847","991","33","Buy"
"1","1253","1393","2021-04-15 01:26:14.849","0","93","Buy"
"1","1254","1394","2021-04-15 01:26:14.850","993","113","Buy"
"1","1255","1395","2021-04-15 01:26:14.852","1002","261","Sell"
"1","1256","-1364","2021-04-15 01:26:14.856","1002","0","Sell"
"1","1257","-1395","2021-04-15 01:26:14.861","1002","0","Sell"
"1","1258","1398","2021-04-15 01:26:14.863","1000","60","Sell"
"1","1259","1399","2021-04-15 01:26:14.865","992","39","Buy"
"1","1260","1400","2021-04-15 01:26:14.866","1001","90","Sell"
"1","1261","-1394","2021-04-15 01:26:14.871","993","0","Buy"
"1","1262","1402","2021-04-15 01:26:14.873","1001","86","Sell"
"1","1263","1403","2021-04-15 01:26:14.875","1001","207","Sell"
"1","1264","1404","2021-04-15 01:26:14.877","999","80","Sell"
"1","1265","1405","2021-04-15 01:26:14.878","1000","1674","Sell"
"1","1266","-1404","2021-04-15 01:26:14.883","999","0","Sell"
"1","1267","-1402","2021-04-15 01:26:14.887","1001","0","Sell"
"1","1268","1408","2021-04-15 01:26:14.889","991","657","Buy"
"1","1269","-1408","2021-04-15 01:26:14.892","991","0","Buy"
"1","1270","-1386","2021-04-15 01:26:14.896","992","0","Buy"
"1","1271","1411","2021-04-15 01:26:14.898","991","20","Buy"
"1","1272","1412","2021-04-15 01:26:14.900","991","28","Buy"
"1","1273","1413","2021-04-15 01:26:14.902","991","65","Buy"
"1","1274","1414","2021-04-15 01:26:14.904","999","24","Sell"
"1","1275","-1375","2021-04-15 01:26:14.908","1001","0","Sell"
"1","1276","1416","2021-04-15 01:26:14.910","993","42","Buy"
"1","1277","-1414","2021-04-15 01:26:14.914","999","0","Sell"
"1","1278","1418","2021-04-15 01:26:14.916","994","25","Buy"
"1","1279","1419","2021-04-15 01:26:14.918","999","24","Sell"
"1","1280","-1413","2021-04-15 01:26:14.922","991","0","Buy"
"1","1281","1421","2021-04-15 01:26:14.923","0","52","Sell"
"1","1282","-1398","2021-04-15 01:26:14.928","1000","0","Sell"
"1","1283","1423","2021-04-15 01:26:14.930","998","36","Sell"
"1","1284","1424","2021-04-15 01:26:14.932","0","60","Buy"
"1","1285","1425","2021-04-15 01:26:14.942","0","157","Sell"
"1","1286","1427","2021-04-15 01:26:14.945","997","22","Buy"
"1","1287","1428","2021-04-15 01:26:14.947","996","46","Buy"
"1","1288","1429","2021-04-15 01:26:14.949","998","65","Buy"
"1","1289","1430","2021-04-15 01:26:14.951","997","59","Buy"
"1","1290","1431","2021-04-15 01:26:14.952","997","31","Buy"
"1","1291","1432","2021-04-15 01:26:14.954","1001","62","Sell"
"1","1292","1433","2021-04-15 01:26:14.955","999","41","Buy"
"1","1293","-1405","2021-04-15 01:26:14.959","1000","0","Sell"
"1","1294","1435","2021-04-15 01:26:14.961","998","26","Buy"
"1","1295","-1433","2021-04-15 01:26:14.965","999","0","Buy"
"1","1296","1437","2021-04-15 01:26:14.967","1000","791","Sell"
"1","1297","1438","2021-04-15 01:26:14.970","999","61","Sell"
"1","1298","1439","2021-04-15 01:26:14.972","998","20","Sell"
"1","1299","1440","2021-04-15 01:26:14.974","1000","54","Sell"
"1","1300","1441","2021-04-15 01:26:14.975","1000","241","Sell"
"1","1301","-1369","2021-04-15 01:26:14.980","1002","0","Sell"
"1","1302","1443","2021-04-15 01:26:14.982","0","68","Buy"
"1","1303","1444","2021-04-15 01:26:14.983","997","101","Buy"
"1","1304","-1428","2021-04-15 01:26:14.988","996","0","Buy"
"1","1305","1446","2021-04-15 01:26:14.990","997","68","Buy"
"1","1306","1447","2021-04-15 01:26:14.991","999","128","Sell"
"1","1307","-1435","2021-04-15 01:26:14.996","998","0","Buy"
"1","1308","1449","2021-04-15 01:26:14.998","1000","31","Sell"
"1","1309","1450","2021-04-15 01:26:15.000","1000","22","Sell"
"1","1310","1451","2021-04-15 01:26:15.002","1000","28","Sell"
"1","1311","1452","2021-04-15 01:26:15.004","999","95","Buy"
"1","1312","-1381","2021-04-15 01:26:15.010","1001","0","Sell"
"1","1313","1454","2021-04-15 01:26:15.012","998","73","Sell"
"1","1314","1455","2021-04-15 01:26:15.013","0","61","Buy"
"1","1315","1456","2021-04-15 01:26:15.015","1001","101","Sell"
"1","1316","1457","2021-04-15 01:26:15.016","998","57","Buy"
"1","1317","-1430","2021-04-15 01:26:15.020","997","0","Buy"
"1","1318","-1451","2021-04-15 01:26:15.026","1000","0","Sell"
"1","1319","-1403","2021-04-15 01:26:15.031","1001","0","Sell"
"1","1320","1461","2021-04-15 01:26:15.032","999","26","Sell"
"1","1321","1462","2021-04-15 01:26:15.035","998","718","Sell"
"1","1322","1463","2021-04-15 01:26:15.037","996","25","Buy"
"1","1323","-1446","2021-04-15 01:26:15.042","997","0","Buy"
"1","1324","1465","2021-04-15 01:26:15.044","997","41","Sell"
"1","1325","1466","2021-04-15 01:26:15.046","997","29","Sell"
"1","1326","-1456","2021-04-15 01:26:15.050","1001","0","Sell"
"1","1327","1468","2021-04-15 01:26:15.051","0","55","Buy"
"1","1328","1469","2021-04-15 01:26:15.053","999","24","Sell"
"1","1329","1470","2021-04-15 01:26:15.055","996","42","Buy"
"1","1330","1471","2021-04-15 01:26:15.057","999","23","Sell"
"1","1331","-1462","2021-04-15 01:26:15.061","998","0","Sell"
"1","1332","-1384","2021-04-15 01:26:15.066","1001","0","Sell"
"1","1333","-1444","2021-04-15 01:26:15.072","997","0","Buy"
"1","1334","1476","2021-04-15 01:26:15.077","995","34","Buy"
"1","1335","1477","2021-04-15 01:26:15.079","995","78","Buy"
"1","1336","1478","2021-04-15 01:26:15.081","998","22","Sell"
"1","1337","1479","2021-04-15 01:26:15.082","999","69","Sell"
"1","1338","1480","2021-04-15 01:26:15.084","0","55","Buy"
"1","1339","1481","2021-04-15 01:26:15.086","995","101","Buy"
"1","1340","1482","2021-04-15 01:26:15.087","998","22","Sell"
"1","1341","1483","2021-04-15 01:26:15.089","0","81","Buy"
"1","1342","-1477","2021-04-15 01:26:15.094","995","0","Buy"
"1","1343","1485","2021-04-15 01:26:15.096","0","83","Sell"
"1","1344","1486","2021-04-15 01:26:15.098","998","88","Sell"
"1","1345","1487","2021-04-15 01:26:15.100","994","46","Buy"
"1","1346","1488","2021-04-15 01:26:15.102","997","29","Sell"
"1","1347","-1481","2021-04-15 01:26:15.107","995","0","Buy"
"1","1348","1490","2021-04-15 01:26:15.108","996","591","Buy"
"1","1349","-1400","2021-04-15 01:26:15.112","1001","0","Sell"
"1","1350","1492","2021-04-15 01:26:15.114","996","22","Sell"
"1","1351","-1437","2021-04-15 01:26:15.118","1000","0","Sell"
"1","1352","-1479","2021-04-15 01:26:15.123","999","0","Sell"
"1","1353","-1490","2021-04-15 01:26:15.127","996","0","Buy"
"1","1354","1496","2021-04-15 01:26:15.129","996","48","Sell"
"1","1355","-1496","2021-04-15 01:26:15.134","996","0","Sell"
"1","1356","1498","2021-04-15 01:26:15.136","994","87","Buy"
"1","1357","-1476","2021-04-15 01:26:15.141","995","0","Buy"
"1","1358","1500","2021-04-15 01:26:15.143","995","114","Buy"
"1","1359","1501","2021-04-15 01:26:15.145","996","44","Sell"
"1","1360","-1501","2021-04-15 01:26:15.150","996","0","Sell"
"1","1361","1503","2021-04-15 01:26:15.152","0","100","Buy"
"1","1362","1504","2021-04-15 01:26:15.154","994","43","Buy"
"1","1363","-1441","2021-04-15 01:26:15.159","1000","0","Sell"
"1","1364","-1487","2021-04-15 01:26:15.164","994","0","Buy"
"1","1365","1507","2021-04-15 01:26:15.166","999","34","Sell"
"1","1366","-1500","2021-04-15 01:26:15.170","995","0","Buy"
"1","1367","-1486","2021-04-15 01:26:15.175","998","0","Sell"
"1","1368","1510","2021-04-15 01:26:15.177","995","45","Buy"
"1","1369","1511","2021-04-15 01:26:15.179","1000","157","Sell"
"1","1370","-1498","2021-04-15 01:26:15.184","994","0","Buy"
"1","1371","1513","2021-04-15 01:26:15.186","994","22","Buy"
"1","1372","-1450","2021-04-15 01:26:15.190","1000","0","Sell"
"1","1373","1515","2021-04-15 01:26:15.191","998","108","Sell"
"1","1374","1516","2021-04-15 01:26:15.193","994","70","Buy"
"1","1375","1517","2021-04-15 01:26:15.195","994","614","Buy"
"1","1376","1518","2021-04-15 01:26:15.197","994","52","Buy"
"1","1377","1519","2021-04-15 01:26:15.199","994","30","Buy"
"1","1378","-1515","2021-04-15 01:26:15.204","998","0","Sell"
"1","1379","-1510","2021-04-15 01:26:15.209","995","0","Buy"
"1","1380","1523","2021-04-15 01:26:15.213","1000","61","Sell"
"1","1381","1524","2021-04-15 01:26:15.214","995","165","Buy"
"1","1382","1525","2021-04-15 01:26:15.216","1000","92","Sell"
"1","1383","1526","2021-04-15 01:26:15.218","0","72","Buy"
"1","1384","-1524","2021-04-15 01:26:15.222","995","0","Buy"
"1","1385","1528","2021-04-15 01:26:15.225","993","175","Buy"
"1","1386","1529","2021-04-15 01:26:15.227","995","35","Buy"
"1","1387","-1518","2021-04-15 01:26:15.231","994","0","Buy"
"1","1388","1531","2021-04-15 01:26:15.233","0","157","Sell"
"1","1389","1532","2021-04-15 01:26:15.235","1001","61","Sell"
"1","1390","1533","2021-04-15 01:26:15.237","0","172","Buy"
"1","1391","1534","2021-04-15 01:26:15.239","995","343","Buy"
"1","1392","-1362","2021-04-15 01:26:15.243","1004","0","Sell"
"1","1393","-1519","2021-04-15 01:26:15.247","994","0","Buy"
"1","1394","1537","2021-04-15 01:26:15.249","996","61","Buy"
"1","1395","-1537","2021-04-15 01:26:15.252","996","0","Buy"
"1","1396","1539","2021-04-15 01:26:15.254","0","188","Buy"
"1","1397","-1534","2021-04-15 01:26:15.258","995","0","Buy"
"1","1398","1541","2021-04-15 01:26:15.260","0","164","Buy"
"1","1399","1542","2021-04-15 01:26:15.262","0","255","Buy"
"1","1400","-1528","2021-04-15 01:26:15.266","993","0","Buy"
"1","1401","1547","2021-04-15 01:26:15.269","995","62","Buy"
"1","1402","1549","2021-04-15 01:26:15.272","996","60","Buy"
"1","1403","-1549","2021-04-15 01:26:15.276","996","0","Buy"
"1","1404","1551","2021-04-15 01:26:15.278","1000","35","Sell"
"1","1405","1552","2021-04-15 01:26:15.279","0","67","Sell"
"1","1406","1554","2021-04-15 01:26:15.283","1001","202","Sell"
"1","1407","-1551","2021-04-15 01:26:15.287","1000","0","Sell"
"1","1408","1556","2021-04-15 01:26:15.288","1000","2227","Sell"
"1","1409","1557","2021-04-15 01:26:15.289","995","21","Buy"
"1","1410","-1557","2021-04-15 01:26:15.293","995","0","Buy"
"1","1411","-1556","2021-04-15 01:26:15.296","1000","0","Sell"
"1","1412","1561","2021-04-15 01:26:15.300","995","65","Buy"
"1","1413","1562","2021-04-15 01:26:15.302","0","69","Sell"
"1","1414","1563","2021-04-15 01:26:15.304","993","157","Buy"
"1","1415","1564","2021-04-15 01:26:15.306","993","34","Buy"
"1","1416","-1517","2021-04-15 01:26:15.310","994","0","Buy"
"1","1417","1566","2021-04-15 01:26:15.312","0","2661","Sell"
"1","1418","1567","2021-04-15 01:26:15.314","999","116","Buy"
"1","1419","1568","2021-04-15 01:26:15.316","0","66","Buy"
"1","1420","1570","2021-04-15 01:26:15.320","1002","107","Sell"
"1","1421","1571","2021-04-15 01:26:15.322","1002","52","Sell"
"1","1422","1572","2021-04-15 01:26:15.324","1000","23","Sell"
"1","1423","-1572","2021-04-15 01:26:15.328","1000","0","Sell"
"1","1424","-1567","2021-04-15 01:26:15.331","999","0","Buy"
"1","1425","1575","2021-04-15 01:26:15.333","991","84","Buy"
"1","1426","-1575","2021-04-15 01:26:15.336","991","0","Buy"
"1","1427","1577","2021-04-15 01:26:15.338","1000","24","Sell"
"1","1428","1578","2021-04-15 01:26:15.340","995","48","Buy"
"1","1429","-1578","2021-04-15 01:26:15.346","995","0","Buy"
"1","1430","1581","2021-04-15 01:26:15.348","1001","21","Sell"
"1","1431","1582","2021-04-15 01:26:15.349","999","20","Sell"
"1","1432","1585","2021-04-15 01:26:15.352","994","24","Buy"
"1","1433","1586","2021-04-15 01:26:15.354","995","35","Buy"
"1","1434","1587","2021-04-15 01:26:15.356","998","33","Sell"
"1","1435","-1585","2021-04-15 01:26:15.360","994","0","Buy"
"1","1436","1589","2021-04-15 01:26:15.362","0","56","Sell"
"1","1437","1590","2021-04-15 01:26:15.363","0","136","Buy"
"1","1438","1592","2021-04-15 01:26:15.366","1002","35","Sell"
"1","1439","1593","2021-04-15 01:26:15.367","996","50","Buy"
"1","1440","-1571","2021-04-15 01:26:15.371","1002","0","Sell"
"1","1441","-1592","2021-04-15 01:26:15.378","1002","0","Sell"
"1","1442","-1593","2021-04-15 01:26:15.381","996","0","Buy"
"1","1443","1598","2021-04-15 01:26:15.382","1002","29","Sell"
"1","1444","1599","2021-04-15 01:26:15.384","1000","62","Sell"
"1","1445","1601","2021-04-15 01:26:15.386","990","26","Buy"
"1","1446","-1570","2021-04-15 01:26:15.390","1002","0","Sell"
"1","1447","1603","2021-04-15 01:26:15.392","989","23","Buy"
"1","1448","-1599","2021-04-15 01:26:15.396","1000","0","Sell"
"1","1449","1605","2021-04-15 01:26:15.398","1000","25","Sell"
"1","1450","-1554","2021-04-15 01:26:15.402","1001","0","Sell"
"1","1451","-1603","2021-04-15 01:26:15.406","989","0","Buy"
"1","1452","1608","2021-04-15 01:26:15.407","1001","72","Sell"
"1","1453","1609","2021-04-15 01:26:15.409","1001","62","Sell"
"1","1454","1610","2021-04-15 01:26:15.410","999","24","Sell"
"1","1455","-1609","2021-04-15 01:26:15.414","1001","0","Sell"
"1","1456","1612","2021-04-15 01:26:15.416","989","48","Buy"
"1","1457","-1581","2021-04-15 01:26:15.420","1001","0","Sell"
"1","1458","-1610","2021-04-15 01:26:15.424","999","0","Sell"
"1","1459","1615","2021-04-15 01:26:15.426","1001","47","Sell"
"1","1460","1616","2021-04-15 01:26:15.427","999","32","Sell"
"1","1461","-1612","2021-04-15 01:26:15.431","989","0","Buy"
"1","1462","-1616","2021-04-15 01:26:15.435","999","0","Sell"
"1","1463","-1608","2021-04-15 01:26:15.438","1001","0","Sell"
"1","1464","-1601","2021-04-15 01:26:15.442","990","0","Buy"
"1","1465","1621","2021-04-15 01:26:15.444","1001","25","Sell"
"1","1466","-1621","2021-04-15 01:26:15.448","1001","0","Sell"
"1","1467","1625","2021-04-15 01:26:15.449","999","26","Sell"
"1","1468","-1605","2021-04-15 01:26:15.452","1000","0","Sell"
"1","1469","1628","2021-04-15 01:26:15.455","998","20","Sell"
"1","1470","-1598","2021-04-15 01:26:15.458","1002","0","Sell"
"1","1471","-1615","2021-04-15 01:26:15.461","1001","0","Sell"
"1","1472","1632","2021-04-15 01:26:15.464","997","445","Buy"
"1","1473","1633","2021-04-15 01:26:15.466","0","1360","Buy"
"1","1474","1635","2021-04-15 01:26:15.470","1007","449","Sell"
"1","1475","1636","2021-04-15 01:26:15.472","1008","24","Sell"
"1","1476","1637","2021-04-15 01:26:15.474","996","29","Buy"
"1","1477","-1636","2021-04-15 01:26:15.477","1008","0","Sell"
"1","1478","1639","2021-04-15 01:26:15.479","0","68","Buy"
"1","1479","1641","2021-04-15 01:26:15.482","1006","46","Sell"
"1","1480","1642","2021-04-15 01:26:15.484","998","22","Buy"
"1","1481","-1642","2021-04-15 01:26:15.487","998","0","Buy"
"1","1482","-1632","2021-04-15 01:26:15.490","997","0","Buy"
"1","1483","1646","2021-04-15 01:26:15.495","1007","27","Sell"
"1","1484","1647","2021-04-15 01:26:15.497","1005","120","Sell"
"1","1485","1648","2021-04-15 01:26:15.498","995","52","Buy"
"1","1486","1649","2021-04-15 01:26:15.500","1004","44","Sell"
"1","1487","-1637","2021-04-15 01:26:15.504","996","0","Buy"
"1","1488","1651","2021-04-15 01:26:15.506","1003","33","Sell"
"1","1489","1652","2021-04-15 01:26:15.508","994","64","Buy"
"1","1490","-1651","2021-04-15 01:26:15.511","1003","0","Sell"
"1","1491","-1652","2021-04-15 01:26:15.515","994","0","Buy"
"1","1492","-1649","2021-04-15 01:26:15.518","1004","0","Sell"
"1","1493","-1648","2021-04-15 01:26:15.522","995","0","Buy"
"1","1494","1657","2021-04-15 01:26:15.523","1006","23","Sell"
"1","1495","1658","2021-04-15 01:26:15.525","0","156","Buy"
"1","1496","1659","2021-04-15 01:26:15.527","1005","26","Sell"
"1","1497","1660","2021-04-15 01:26:15.528","1000","143","Buy"
"1","1498","-1659","2021-04-15 01:26:15.532","1005","0","Sell"
"1","1499","1662","2021-04-15 01:26:15.533","1007","39","Sell"
"1","1500","1663","2021-04-15 01:26:15.535","999","24","Buy"
"1","1501","1664","2021-04-15 01:26:15.537","999","24","Buy"
"1","1502","-1662","2021-04-15 01:26:15.541","1007","0","Sell"
"1","1503","-1663","2021-04-15 01:26:15.544","999","0","Buy"
"1","1504","1667","2021-04-15 01:26:15.546","0","336","Buy"
"1","1505","1668","2021-04-15 01:26:15.547","1006","32","Sell"
"1","1506","1669","2021-04-15 01:26:15.549","0","103","Sell"
"1","1507","1670","2021-04-15 01:26:15.550","1001","22","Buy"
"1","1508","-1664","2021-04-15 01:26:15.554","999","0","Buy"
"1","1509","-1660","2021-04-15 01:26:15.557","1000","0","Buy"
"1","1510","-1646","2021-04-15 01:26:15.560","1007","0","Sell"
"1","1511","1674","2021-04-15 01:26:15.562","1005","54","Sell"
"1","1512","1675","2021-04-15 01:26:15.564","1002","20","Buy"
"1","1513","1676","2021-04-15 01:26:15.565","0","253","Buy"
"1","1514","-1670","2021-04-15 01:26:15.570","1001","0","Buy"
"1","1515","1681","2021-04-15 01:26:15.572","1008","41","Sell"
"1","1516","1682","2021-04-15 01:26:15.574","0","165","Sell"
"1","1517","-1681","2021-04-15 01:26:15.577","1008","0","Sell"
"1","1518","1685","2021-04-15 01:26:15.579","1005","37","Buy"
"1","1519","1686","2021-04-15 01:26:15.580","1006","122","Buy"
"1","1520","1687","2021-04-15 01:26:15.582","1005","142","Buy"
"1","1521","1690","2021-04-15 01:26:15.585","1010","57","Sell"
"1","1522","1691","2021-04-15 01:26:15.586","1007","118","Buy"
"1","1523","1692","2021-04-15 01:26:15.588","1011","27","Sell"
"1","1524","1693","2021-04-15 01:26:15.590","1006","49","Buy"
"1","1525","-1691","2021-04-15 01:26:15.594","1007","0","Buy"
"1","1526","-1693","2021-04-15 01:26:15.597","1006","0","Buy"
"1","1527","1696","2021-04-15 01:26:15.599","1007","23","Buy"
"1","1528","1697","2021-04-15 01:26:15.601","1009","28","Sell"
"1","1529","-1696","2021-04-15 01:26:15.604","1007","0","Buy"
"1","1530","1699","2021-04-15 01:26:15.606","1007","27","Buy"
"1","1531","1700","2021-04-15 01:26:15.608","0","311","Sell"
"1","1532","1701","2021-04-15 01:26:15.609","1004","26","Buy"
"1","1533","1702","2021-04-15 01:26:15.611","1004","24","Buy"
"1","1534","-1697","2021-04-15 01:26:15.614","1009","0","Sell"
"1","1535","-1687","2021-04-15 01:26:15.617","1005","0","Buy"
"1","1536","1705","2021-04-15 01:26:15.619","1009","30","Sell"
"1","1537","-1692","2021-04-15 01:26:15.622","1011","0","Sell"
"1","1538","1707","2021-04-15 01:26:15.624","0","85","Sell"
"1","1539","-1705","2021-04-15 01:26:15.627","1009","0","Sell"
"1","1540","1709","2021-04-15 01:26:15.629","0","269","Buy"
"1","1541","1710","2021-04-15 01:26:15.631","1005","22","Buy"
"1","1542","-1710","2021-04-15 01:26:15.636","1005","0","Buy"
"1","1543","1717","2021-04-15 01:26:15.639","1006","20","Buy"
"1","1544","1718","2021-04-15 01:26:15.641","1013","217","Sell"
"1","1545","1719","2021-04-15 01:26:15.643","1007","27","Buy"
"1","1546","-1719","2021-04-15 01:26:15.648","1007","0","Buy"
"1","1547","1722","2021-04-15 01:26:15.649","1007","39","Buy"
"1","1548","1723","2021-04-15 01:26:15.651","1014","80","Sell"
"1","1549","-1717","2021-04-15 01:26:15.654","1006","0","Buy"
"1","1550","1725","2021-04-15 01:26:15.656","1012","80","Sell"
"1","1551","1726","2021-04-15 01:26:15.657","0","129","Buy"
"1","1552","1728","2021-04-15 01:26:15.661","1014","23","Sell"
"1","1553","-1723","2021-04-15 01:26:15.667","1014","0","Sell"
"1","1554","1732","2021-04-15 01:26:15.671","1014","30","Sell"
"1","1555","1733","2021-04-15 01:26:15.681","1008","29","Buy"
"1","1556","-1733","2021-04-15 01:26:15.684","1008","0","Buy"
"1","1557","-1732","2021-04-15 01:26:15.687","1014","0","Sell"
"1","1558","1736","2021-04-15 01:26:15.689","1008","87","Buy"
"1","1559","1737","2021-04-15 01:26:15.691","1014","459","Sell"
"1","1560","-1728","2021-04-15 01:26:15.694","1014","0","Sell"
"1","1561","1739","2021-04-15 01:26:15.696","1014","25","Sell"
"1","1562","1740","2021-04-15 01:26:15.697","1012","67","Sell"
"1","1563","-1736","2021-04-15 01:26:15.701","1008","0","Buy"
"1","1564","1742","2021-04-15 01:26:15.702","1008","203","Buy"
"1","1565","1743","2021-04-15 01:26:15.703","1009","217","Buy"
"1","1566","1744","2021-04-15 01:26:15.705","1013","75","Sell"
"1","1567","1745","2021-04-15 01:26:15.707","1008","62","Buy"
"1","1568","1746","2021-04-15 01:26:15.708","1010","42","Buy"
"1","1569","1747","2021-04-15 01:26:15.710","1011","36","Sell"
"1","1570","-1747","2021-04-15 01:26:15.713","1011","0","Sell"
"1","1571","-1718","2021-04-15 01:26:15.717","1013","0","Sell"
"1","1572","-1745","2021-04-15 01:26:15.721","1008","0","Buy"
"1","1573","-1746","2021-04-15 01:26:15.725","1010","0","Buy"
"1","1574","-1744","2021-04-15 01:26:15.728","1013","0","Sell"
"1","1575","1753","2021-04-15 01:26:15.730","0","52","Sell"
"1","1576","-1743","2021-04-15 01:26:15.735","1009","0","Buy"
"1","1577","1755","2021-04-15 01:26:15.737","1007","49","Buy"
"1","1578","1756","2021-04-15 01:26:15.739","1013","54","Sell"
"1","1579","1757","2021-04-15 01:26:15.741","1007","24","Buy"
"1","1580","1758","2021-04-15 01:26:15.742","1013","55","Sell"
"1","1581","1759","2021-04-15 01:26:15.744","1013","70","Sell"
"1","1582","-1742","2021-04-15 01:26:15.747","1008","0","Buy"
"1","1583","1761","2021-04-15 01:26:15.749","1013","244","Sell"
"1","1584","1762","2021-04-15 01:26:15.751","0","57","Sell"
"1","1585","1763","2021-04-15 01:26:15.752","1011","26","Sell"
"1","1586","1764","2021-04-15 01:26:15.754","0","270","Sell"
"1","1587","1768","2021-04-15 01:26:15.756","1008","56","Buy"
"1","1588","-1763","2021-04-15 01:26:15.764","1011","0","Sell"
"1","1589","1771","2021-04-15 01:26:15.766","0","56","Buy"
"1","1590","-1768","2021-04-15 01:26:15.771","1008","0","Buy"
"1","1591","-1740","2021-04-15 01:26:15.775","1012","0","Sell"
"1","1592","-1737","2021-04-15 01:26:15.779","1014","0","Sell"
"1","1593","1777","2021-04-15 01:26:15.781","1008","33","Buy"
"1","1594","-1739","2021-04-15 01:26:15.786","1014","0","Sell"
"1","1595","1781","2021-04-15 01:26:15.790","0","107","Buy"
"1","1596","1783","2021-04-15 01:26:15.795","0","51","Buy"
"1","1597","-1761","2021-04-15 01:26:15.798","1013","0","Sell"
"1","1598","1785","2021-04-15 01:26:15.800","1012","65","Sell"
"1","1599","1786","2021-04-15 01:26:15.802","1007","35","Buy"
"1","1600","1787","2021-04-15 01:26:15.804","1009","43","Buy"
"1","1601","1788","2021-04-15 01:26:15.806","1008","53","Buy"
"1","1602","1789","2021-04-15 01:26:15.808","0","107","Buy"
"1","1603","1790","2021-04-15 01:26:15.809","1008","56","Buy"
"1","1604","-1790","2021-04-15 01:26:15.812","1008","0","Buy"
"1","1605","1792","2021-04-15 01:26:15.814","1008","70","Buy"
"1","1606","1793","2021-04-15 01:26:15.816","1015","24","Sell"
"1","1607","1794","2021-04-15 01:26:15.817","1014","113","Sell"
"1","1608","-1777","2021-04-15 01:26:15.821","1008","0","Buy"
"1","1609","1796","2021-04-15 01:26:15.823","0","106","Buy"
"1","1610","1797","2021-04-15 01:26:15.826","1013","48","Sell"
"1","1611","-1793","2021-04-15 01:26:15.831","1015","0","Sell"
"1","1612","-1794","2021-04-15 01:26:15.835","1014","0","Sell"
"1","1613","-1797","2021-04-15 01:26:15.839","1013","0","Sell"
"1","1614","-1787","2021-04-15 01:26:15.843","1009","0","Buy"
"1","1615","1803","2021-04-15 01:26:15.844","1011","41","Sell"
"1","1616","1804","2021-04-15 01:26:15.846","1012","140","Sell"
"1","1617","1805","2021-04-15 01:26:15.848","0","2167","Buy"
"1","1618","1806","2021-04-15 01:26:15.850","1007","183","Buy"
"1","1619","1808","2021-04-15 01:26:15.852","1009","23","Buy"
"1","1620","1809","2021-04-15 01:26:15.853","1010","23","Buy"
"1","1621","1812","2021-04-15 01:26:15.856","1011","84","Buy"
"1","1622","1813","2021-04-15 01:26:15.858","1010","66","Buy"
"1","1623","1814","2021-04-15 01:26:15.860","1018","20","Sell"
"1","1624","1815","2021-04-15 01:26:15.861","1010","54","Buy"
"1","1625","-1812","2021-04-15 01:26:15.865","1011","0","Buy"
"1","1626","1817","2021-04-15 01:26:15.867","1017","25","Sell"
"1","1627","1818","2021-04-15 01:26:15.869","1016","152","Sell"
"1","1628","1819","2021-04-15 01:26:15.871","1009","26","Buy"
"1","1629","1820","2021-04-15 01:26:15.872","1011","24","Buy"
"1","1630","1821","2021-04-15 01:26:15.874","1010","30","Buy"
"1","1631","-1817","2021-04-15 01:26:15.878","1017","0","Sell"
"1","1632","1823","2021-04-15 01:26:15.880","1010","33","Buy"
"1","1633","-1814","2021-04-15 01:26:15.884","1018","0","Sell"
"1","1634","-1820","2021-04-15 01:26:15.888","1011","0","Buy"
"1","1635","1827","2021-04-15 01:26:15.894","1015","49","Sell"
"1","1636","-1792","2021-04-15 01:26:15.898","1008","0","Buy"
"1","1637","1829","2021-04-15 01:26:15.901","1011","21","Buy"
"1","1638","1830","2021-04-15 01:26:15.903","1010","25","Buy"
"1","1639","-1813","2021-04-15 01:26:15.907","1010","0","Buy"
"1","1640","-1818","2021-04-15 01:26:15.912","1016","0","Sell"
"1","1641","-1827","2021-04-15 01:26:15.916","1015","0","Sell"
"1","1642","1834","2021-04-15 01:26:15.917","1019","38","Sell"
"1","1643","1835","2021-04-15 01:26:15.919","1012","27","Buy"
"1","1644","1836","2021-04-15 01:26:15.921","1011","31","Buy"
"1","1645","1837","2021-04-15 01:26:15.923","1011","27","Buy"
"1","1646","1838","2021-04-15 01:26:15.925","1020","25","Sell"
"1","1647","-1834","2021-04-15 01:26:15.929","1019","0","Sell"
