"OrderId","ClientOrderId","Price","Volume","DateTime"
"1","7","1000","27","2021-04-15 01:26:11.357"
"2","4","1001","77","2021-04-15 01:26:11.359"
"3","18","1000","28","2021-04-15 01:26:11.385"
"4","18","1000","7","2021-04-15 01:26:11.403"
"5","26","1000","28","2021-04-15 01:26:11.414"
"6","23","999","85","2021-04-15 01:26:11.441"
"7","27","999","15","2021-04-15 01:26:11.441"
"8","27","999","13","2021-04-15 01:26:11.448"
"9","29","999","139","2021-04-15 01:26:11.448"
"10","15","998","13","2021-04-15 01:26:11.448"
"11","40","1000","40","2021-04-15 01:26:11.457"
"12","33","1002","32","2021-04-15 01:26:11.458"
"13","15","998","73","2021-04-15 01:26:11.464"
"14","25","998","7","2021-04-15 01:26:11.464"
"15","55","1000","38","2021-04-15 01:26:11.501"
"16","53","999","82","2021-04-15 01:26:11.501"
"17","25","998","110","2021-04-15 01:26:11.501"
"18","52","1003","50","2021-04-15 01:26:11.513"
"19","75","999","21","2021-04-15 01:26:11.565"
"20","75","999","27","2021-04-15 01:26:11.568"
"21","95","999","23","2021-04-15 01:26:11.629"
"22","85","998","95","2021-04-15 01:26:11.629"
"23","89","1000","30","2021-04-15 01:26:11.663"
"24","105","1000","12","2021-04-15 01:26:11.665"
"25","98","999","32","2021-04-15 01:26:11.665"
"26","85","998","32","2021-04-15 01:26:11.665"
"27","66","1001","73","2021-04-15 01:26:11.675"
"28","72","1001","22","2021-04-15 01:26:11.675"
"29","73","1001","11","2021-04-15 01:26:11.676"
"30","73","1001","21","2021-04-15 01:26:11.682"
"31","92","1001","22","2021-04-15 01:26:11.689"
"32","110","1000","21","2021-04-15 01:26:11.694"
"33","107","999","31","2021-04-15 01:26:11.701"
"34","107","999","125","2021-04-15 01:26:11.703"
"35","115","999","42","2021-04-15 01:26:11.703"
"36","119","999","63","2021-04-15 01:26:11.709"
"37","116","1000","62","2021-04-15 01:26:11.711"
"38","126","999","29","2021-04-15 01:26:11.728"
"39","128","999","24","2021-04-15 01:26:11.731"
"40","85","998","43","2021-04-15 01:26:11.760"
"41","85","998","115","2021-04-15 01:26:11.766"
"42","141","990","44","2021-04-15 01:26:11.794"
"43","145","989","9","2021-04-15 01:26:11.794"
"44","135","1000","34","2021-04-15 01:26:11.804"
"45","92","1001","3","2021-04-15 01:26:11.805"
"46","99","1001","131","2021-04-15 01:26:11.805"
"47","155","996","37","2021-04-15 01:26:11.817"
"48","156","995","32","2021-04-15 01:26:11.817"
"49","161","994","31","2021-04-15 01:26:11.825"
"50","158","999","26","2021-04-15 01:26:11.836"
"51","157","1000","65","2021-04-15 01:26:11.836"
"52","164","1000","22","2021-04-15 01:26:11.836"
"53","99","1001","35","2021-04-15 01:26:11.836"
"54","166","993","359","2021-04-15 01:26:11.847"
"55","187","999","30","2021-04-15 01:26:11.926"
"56","179","1000","29","2021-04-15 01:26:11.926"
"57","199","999","54","2021-04-15 01:26:11.934"
"58","179","1000","333","2021-04-15 01:26:11.934"
"59","179","1000","213","2021-04-15 01:26:11.939"
"60","198","998","44","2021-04-15 01:26:11.950"
"61","192","997","20","2021-04-15 01:26:11.950"
"62","201","997","36","2021-04-15 01:26:11.950"
"63","201","997","46","2021-04-15 01:26:11.955"
"64","177","995","10","2021-04-15 01:26:11.955"
"65","178","994","27","2021-04-15 01:26:11.982"
"66","186","994","38","2021-04-15 01:26:11.982"
"67","99","1001","36","2021-04-15 01:26:11.996"
"68","169","1001","72","2021-04-15 01:26:11.996"
"69","84","1002","32","2021-04-15 01:26:11.996"
"70","131","1002","24","2021-04-15 01:26:11.996"
"71","132","1002","11","2021-04-15 01:26:11.996"
"72","248","1001","32","2021-04-15 01:26:12.089"
"73","235","1002","27","2021-04-15 01:26:12.091"
"74","253","1001","11","2021-04-15 01:26:12.093"
"75","255","1001","19","2021-04-15 01:26:12.095"
"76","235","1002","6","2021-04-15 01:26:12.095"
"77","250","1002","22","2021-04-15 01:26:12.095"
"78","252","1000","34","2021-04-15 01:26:12.101"
"79","251","999","36","2021-04-15 01:26:12.101"
"80","251","999","15","2021-04-15 01:26:12.128"
"81","257","999","68","2021-04-15 01:26:12.128"
"82","249","998","85","2021-04-15 01:26:12.128"
"83","261","998","22","2021-04-15 01:26:12.128"
"84","247","997","9","2021-04-15 01:26:12.129"
"85","271","1003","51","2021-04-15 01:26:12.149"
"86","270","998","31","2021-04-15 01:26:12.151"
"87","247","997","87","2021-04-15 01:26:12.151"
"88","276","997","9","2021-04-15 01:26:12.151"
"89","280","1002","71","2021-04-15 01:26:12.164"
"90","292","1000","25","2021-04-15 01:26:12.211"
"91","286","1001","28","2021-04-15 01:26:12.213"
"92","286","1001","24","2021-04-15 01:26:12.215"
"93","280","1002","102","2021-04-15 01:26:12.215"
"94","294","1002","26","2021-04-15 01:26:12.215"
"95","302","1001","28","2021-04-15 01:26:12.229"
"96","292","1000","32","2021-04-15 01:26:12.229"
"97","271","1003","7","2021-04-15 01:26:12.262"
"98","283","1003","44","2021-04-15 01:26:12.262"
"99","301","1003","2","2021-04-15 01:26:12.262"
"100","301","1003","82","2021-04-15 01:26:12.327"
"101","316","1003","42","2021-04-15 01:26:12.327"
"102","311","1004","48","2021-04-15 01:26:12.327"
"103","312","1004","2","2021-04-15 01:26:12.327"
"104","336","1001","34","2021-04-15 01:26:12.348"
"105","304","1000","34","2021-04-15 01:26:12.348"
"106","341","1001","84","2021-04-15 01:26:12.360"
"107","304","1000","15","2021-04-15 01:26:12.360"
"108","329","999","15","2021-04-15 01:26:12.360"
"109","333","1003","27","2021-04-15 01:26:12.378"
"110","312","1004","54","2021-04-15 01:26:12.378"
"111","353","1003","94","2021-04-15 01:26:12.400"
"112","353","1003","40","2021-04-15 01:26:12.403"
"113","356","1002","37","2021-04-15 01:26:12.405"
"114","353","1003","22","2021-04-15 01:26:12.413"
"115","356","1002","74","2021-04-15 01:26:12.415"
"116","364","1002","26","2021-04-15 01:26:12.417"
"117","364","1002","81","2021-04-15 01:26:12.423"
"118","361","1001","21","2021-04-15 01:26:12.425"
"119","364","1002","158","2021-04-15 01:26:12.430"
"120","371","1001","48","2021-04-15 01:26:12.449"
"121","346","999","38","2021-04-15 01:26:12.449"
"122","372","1003","34","2021-04-15 01:26:12.453"
"123","373","1003","20","2021-04-15 01:26:12.453"
"124","399","1001","22","2021-04-15 01:26:12.536"
"125","383","1000","33","2021-04-15 01:26:12.549"
"126","403","1000","14","2021-04-15 01:26:12.549"
"127","382","999","22","2021-04-15 01:26:12.587"
"128","410","999","31","2021-04-15 01:26:12.587"
"129","421","999","24","2021-04-15 01:26:12.587"
"130","427","1002","23","2021-04-15 01:26:12.600"
"131","428","1000","29","2021-04-15 01:26:12.612"
"132","421","999","11","2021-04-15 01:26:12.612"
"133","414","998","15","2021-04-15 01:26:12.612"
"134","416","1003","66","2021-04-15 01:26:12.614"
"135","442","1000","44","2021-04-15 01:26:12.635"
"136","439","999","41","2021-04-15 01:26:12.636"
"137","414","998","9","2021-04-15 01:26:12.636"
"138","440","998","8","2021-04-15 01:26:12.636"
"139","381","997","29","2021-04-15 01:26:12.643"
"140","460","999","26","2021-04-15 01:26:12.673"
"141","454","998","21","2021-04-15 01:26:12.673"
"142","452","997","21","2021-04-15 01:26:12.673"
"143","459","997","14","2021-04-15 01:26:12.673"
"144","457","1002","75","2021-04-15 01:26:12.691"
"145","467","1003","45","2021-04-15 01:26:12.691"
"146","456","1004","121","2021-04-15 01:26:12.691"
"147","480","1006","41","2021-04-15 01:26:12.716"
"148","479","1007","10","2021-04-15 01:26:12.716"
"149","479","1007","19","2021-04-15 01:26:12.724"
"150","477","1009","488","2021-04-15 01:26:12.725"
"151","477","1009","55","2021-04-15 01:26:12.728"
"152","484","1003","36","2021-04-15 01:26:12.738"
"153","482","1002","59","2021-04-15 01:26:12.738"
"154","489","1002","38","2021-04-15 01:26:12.738"
"155","473","1001","26","2021-04-15 01:26:12.738"
"156","475","1000","39","2021-04-15 01:26:12.750"
"157","495","999","34","2021-04-15 01:26:12.750"
"158","503","1008","44","2021-04-15 01:26:12.767"
"159","478","1009","32","2021-04-15 01:26:12.767"
"160","501","1004","91","2021-04-15 01:26:12.774"
"161","505","1004","41","2021-04-15 01:26:12.774"
"162","500","1003","299","2021-04-15 01:26:12.774"
"163","497","1002","10","2021-04-15 01:26:12.774"
"164","508","1001","66","2021-04-15 01:26:12.792"
"165","512","1000","25","2021-04-15 01:26:12.816"
"166","522","999","100","2021-04-15 01:26:12.817"
"167","478","1009","72","2021-04-15 01:26:12.819"
"168","535","1002","22","2021-04-15 01:26:12.833"
"169","478","1009","22","2021-04-15 01:26:12.867"
"170","547","1009","28","2021-04-15 01:26:12.867"
"171","486","1010","32","2021-04-15 01:26:12.867"
"172","540","1010","23","2021-04-15 01:26:12.867"
"173","546","1004","42","2021-04-15 01:26:12.869"
"174","545","1003","31","2021-04-15 01:26:12.869"
"175","551","1003","49","2021-04-15 01:26:12.869"
"176","554","1002","51","2021-04-15 01:26:12.877"
"177","554","1002","5","2021-04-15 01:26:12.880"
"178","558","1001","48","2021-04-15 01:26:12.880"
"179","561","1002","35","2021-04-15 01:26:12.884"
"180","555","1003","29","2021-04-15 01:26:12.884"
"181","563","1001","25","2021-04-15 01:26:12.896"
"182","567","1001","70","2021-04-15 01:26:12.900"
"183","567","1001","18","2021-04-15 01:26:12.901"
"184","572","999","57","2021-04-15 01:26:12.907"
"185","576","1006","43","2021-04-15 01:26:12.918"
"186","578","1000","61","2021-04-15 01:26:12.957"
"187","572","999","59","2021-04-15 01:26:12.969"
"188","614","996","165","2021-04-15 01:26:13.006"
"189","624","1000","24","2021-04-15 01:26:13.044"
"190","593","1002","28","2021-04-15 01:26:13.044"
"191","601","1002","40","2021-04-15 01:26:13.044"
"192","586","1003","26","2021-04-15 01:26:13.064"
"193","584","1004","24","2021-04-15 01:26:13.064"
"194","635","1004","32","2021-04-15 01:26:13.064"
"195","628","999","21","2021-04-15 01:26:13.066"
"196","618","998","39","2021-04-15 01:26:13.066"
"197","635","1004","98","2021-04-15 01:26:13.076"
"198","618","998","6","2021-04-15 01:26:13.091"
"199","621","998","42","2021-04-15 01:26:13.091"
"200","633","998","29","2021-04-15 01:26:13.091"
"201","656","1001","20","2021-04-15 01:26:13.124"
"202","654","1002","31","2021-04-15 01:26:13.125"
"203","654","1002","97","2021-04-15 01:26:13.148"
"204","651","1003","69","2021-04-15 01:26:13.148"
"205","662","1003","75","2021-04-15 01:26:13.148"
"206","664","1003","25","2021-04-15 01:26:13.148"
"207","652","999","23","2021-04-15 01:26:13.160"
"208","665","999","23","2021-04-15 01:26:13.160"
"209","673","998","47","2021-04-15 01:26:13.160"
"210","689","1006","33","2021-04-15 01:26:13.197"
"211","686","1007","30","2021-04-15 01:26:13.197"
"212","686","1007","51","2021-04-15 01:26:13.208"
"213","694","1008","20","2021-04-15 01:26:13.209"
"214","701","1009","51","2021-04-15 01:26:13.227"
"215","673","998","15","2021-04-15 01:26:13.236"
"216","696","998","1786","2021-04-15 01:26:13.236"
"217","709","1001","51","2021-04-15 01:26:13.241"
"218","709","1001","362","2021-04-15 01:26:13.243"
"219","707","1002","23","2021-04-15 01:26:13.243"
"220","711","1002","57","2021-04-15 01:26:13.243"
"221","696","998","219","2021-04-15 01:26:13.265"
"222","727","999","48","2021-04-15 01:26:13.282"
"223","696","998","4","2021-04-15 01:26:13.283"
"224","696","998","388","2021-04-15 01:26:13.287"
"225","733","1004","24","2021-04-15 01:26:13.300"
"226","739","1001","25","2021-04-15 01:26:13.311"
"227","744","1001","10","2021-04-15 01:26:13.319"
"228","741","1000","31","2021-04-15 01:26:13.319"
"229","740","999","72","2021-04-15 01:26:13.319"
"230","742","999","15","2021-04-15 01:26:13.319"
"231","754","1004","138","2021-04-15 01:26:13.341"
"232","757","1000","25","2021-04-15 01:26:13.349"
"233","742","999","24","2021-04-15 01:26:13.349"
"234","743","999","22","2021-04-15 01:26:13.349"
"235","760","999","54","2021-04-15 01:26:13.349"
"236","696","998","48","2021-04-15 01:26:13.349"
"237","696","998","133","2021-04-15 01:26:13.351"
"238","696","998","4006","2021-04-15 01:26:13.363"
"239","750","998","32","2021-04-15 01:26:13.363"
"240","774","1001","22","2021-04-15 01:26:13.382"
"241","766","1002","98","2021-04-15 01:26:13.382"
"242","777","1002","27","2021-04-15 01:26:13.382"
"243","761","1003","1","2021-04-15 01:26:13.382"
"244","776","998","48","2021-04-15 01:26:13.386"
"245","786","992","48","2021-04-15 01:26:13.399"
"246","782","1002","133","2021-04-15 01:26:13.416"
"247","790","1002","70","2021-04-15 01:26:13.439"
"248","817","1000","35","2021-04-15 01:26:13.484"
"249","790","1002","20","2021-04-15 01:26:13.484"
"250","761","1003","46","2021-04-15 01:26:13.484"
"251","765","1004","21","2021-04-15 01:26:13.484"
"252","824","998","91","2021-04-15 01:26:13.496"
"253","810","997","22","2021-04-15 01:26:13.496"
"254","813","997","11","2021-04-15 01:26:13.496"
"255","833","1003","29","2021-04-15 01:26:13.512"
"256","765","1004","139","2021-04-15 01:26:13.512"
"257","827","1005","53","2021-04-15 01:26:13.512"
"258","828","1005","27","2021-04-15 01:26:13.512"
"259","829","1005","31","2021-04-15 01:26:13.512"
"260","831","1005","82","2021-04-15 01:26:13.512"
"261","843","1007","38","2021-04-15 01:26:13.591"
"262","854","1006","43","2021-04-15 01:26:13.597"
"263","854","1006","5","2021-04-15 01:26:13.599"
"264","856","1005","33","2021-04-15 01:26:13.601"
"265","861","998","49","2021-04-15 01:26:13.611"
"266","862","997","7","2021-04-15 01:26:13.611"
"267","862","997","15","2021-04-15 01:26:13.613"
"268","868","1001","54","2021-04-15 01:26:13.620"
"269","879","1002","67","2021-04-15 01:26:13.640"
"270","878","1003","40","2021-04-15 01:26:13.640"
"271","877","1004","63","2021-04-15 01:26:13.640"
"272","871","1005","48","2021-04-15 01:26:13.640"
"273","863","1006","23","2021-04-15 01:26:13.640"
"274","874","1006","51","2021-04-15 01:26:13.640"
"275","883","998","32","2021-04-15 01:26:13.647"
"276","892","999","53","2021-04-15 01:26:13.669"
"277","893","1001","43","2021-04-15 01:26:13.685"
"278","894","1001","66","2021-04-15 01:26:13.685"
"279","900","1002","25","2021-04-15 01:26:13.685"
"280","901","1002","48","2021-04-15 01:26:13.685"
"281","902","1002","12","2021-04-15 01:26:13.685"
"282","918","998","76","2021-04-15 01:26:13.723"
"283","918","998","16","2021-04-15 01:26:13.752"
"284","927","999","60","2021-04-15 01:26:13.752"
"285","910","1000","39","2021-04-15 01:26:13.752"
"286","929","995","22","2021-04-15 01:26:13.764"
"287","929","995","11","2021-04-15 01:26:13.775"
"288","919","994","25","2021-04-15 01:26:13.775"
"289","932","994","27","2021-04-15 01:26:13.775"
"290","933","994","25","2021-04-15 01:26:13.775"
"291","941","1000","20","2021-04-15 01:26:13.786"
"292","954","1000","25","2021-04-15 01:26:13.802"
"293","967","987","33","2021-04-15 01:26:13.828"
"294","963","992","40","2021-04-15 01:26:13.861"
"295","968","992","21","2021-04-15 01:26:13.861"
"296","972","992","47","2021-04-15 01:26:13.861"
"297","974","992","56","2021-04-15 01:26:13.861"
"298","974","992","86","2021-04-15 01:26:13.870"
"299","991","991","61","2021-04-15 01:26:13.889"
"300","987","990","13","2021-04-15 01:26:13.889"
"301","1000","997","43","2021-04-15 01:26:13.897"
"302","1006","989","38","2021-04-15 01:26:13.913"
"303","1013","999","37","2021-04-15 01:26:13.929"
"304","1002","1000","24","2021-04-15 01:26:13.929"
"305","1005","1000","40","2021-04-15 01:26:13.929"
"306","1023","993","22","2021-04-15 01:26:13.953"
"307","1019","992","39","2021-04-15 01:26:13.953"
"308","1032","998","64","2021-04-15 01:26:13.964"
"309","1022","999","186","2021-04-15 01:26:13.964"
"310","1014","1000","27","2021-04-15 01:26:13.964"
"311","1029","1000","24","2021-04-15 01:26:13.964"
"312","1040","992","58","2021-04-15 01:26:13.985"
"313","1020","991","32","2021-04-15 01:26:13.985"
"314","1041","991","35","2021-04-15 01:26:13.985"
"315","1042","991","21","2021-04-15 01:26:13.985"
"316","1044","991","25","2021-04-15 01:26:13.985"
"317","1018","990","41","2021-04-15 01:26:13.985"
"318","1055","992","23","2021-04-15 01:26:14.010"
"319","1058","993","75","2021-04-15 01:26:14.011"
"320","1058","993","61","2021-04-15 01:26:14.019"
"321","1059","990","78","2021-04-15 01:26:14.028"
"322","1078","991","43","2021-04-15 01:26:14.064"
"323","1065","990","22","2021-04-15 01:26:14.064"
"324","1079","990","14","2021-04-15 01:26:14.064"
"325","1058","993","9","2021-04-15 01:26:14.078"
"326","1060","993","13","2021-04-15 01:26:14.078"
"327","1083","991","22","2021-04-15 01:26:14.084"
"328","1079","990","29","2021-04-15 01:26:14.084"
"329","1076","989","43","2021-04-15 01:26:14.084"
"330","1056","988","110","2021-04-15 01:26:14.084"
"331","1096","992","25","2021-04-15 01:26:14.112"
"332","1096","992","27","2021-04-15 01:26:14.114"
"333","1060","993","50","2021-04-15 01:26:14.115"
"334","1073","993","22","2021-04-15 01:26:14.115"
"335","1075","994","6","2021-04-15 01:26:14.115"
"336","1103","992","34","2021-04-15 01:26:14.120"
"337","1099","991","19","2021-04-15 01:26:14.120"
"338","1075","994","29","2021-04-15 01:26:14.121"
"339","1104","995","39","2021-04-15 01:26:14.122"
"340","1099","991","4","2021-04-15 01:26:14.125"
"341","1098","990","81","2021-04-15 01:26:14.125"
"342","1101","990","72","2021-04-15 01:26:14.125"
"343","1091","989","132","2021-04-15 01:26:14.125"
"344","1056","988","39","2021-04-15 01:26:14.125"
"345","1092","988","63","2021-04-15 01:26:14.125"
"346","1052","987","25","2021-04-15 01:26:14.125"
"347","1112","996","51","2021-04-15 01:26:14.132"
"348","1112","996","35","2021-04-15 01:26:14.134"
"349","1112","996","194","2021-04-15 01:26:14.140"
"350","1129","993","53","2021-04-15 01:26:14.166"
"351","1132","992","29","2021-04-15 01:26:14.166"
"352","1134","992","308","2021-04-15 01:26:14.166"
"353","1126","1001","22","2021-04-15 01:26:14.175"
"354","1136","1001","37","2021-04-15 01:26:14.175"
"355","1157","999","24","2021-04-15 01:26:14.221"
"356","1146","1000","33","2021-04-15 01:26:14.223"
"357","1159","999","257","2021-04-15 01:26:14.225"
"358","1161","999","36","2021-04-15 01:26:14.227"
"359","1161","999","239","2021-04-15 01:26:14.231"
"360","1174","999","30","2021-04-15 01:26:14.257"
"361","1146","1000","28","2021-04-15 01:26:14.259"
"362","1169","1000","34","2021-04-15 01:26:14.259"
"363","1158","997","44","2021-04-15 01:26:14.274"
"364","1163","997","8","2021-04-15 01:26:14.274"
"365","1163","997","43","2021-04-15 01:26:14.278"
"366","1185","1003","28","2021-04-15 01:26:14.282"
"367","1186","1003","563","2021-04-15 01:26:14.310"
"368","1201","1002","21","2021-04-15 01:26:14.326"
"369","1186","1003","77","2021-04-15 01:26:14.326"
"370","1211","1001","37","2021-04-15 01:26:14.353"
"371","1209","1002","24","2021-04-15 01:26:14.353"
"372","1212","1002","48","2021-04-15 01:26:14.353"
"373","1186","1003","93","2021-04-15 01:26:14.354"
"374","1216","994","51","2021-04-15 01:26:14.357"
"375","1248","999","65","2021-04-15 01:26:14.446"
"376","1262","992","108","2021-04-15 01:26:14.485"
"377","1246","1000","79","2021-04-15 01:26:14.545"
"378","1246","1000","259","2021-04-15 01:26:14.547"
"379","1284","989","25","2021-04-15 01:26:14.549"
"380","1278","988","23","2021-04-15 01:26:14.549"
"381","1279","987","155","2021-04-15 01:26:14.549"
"382","1279","987","56","2021-04-15 01:26:14.555"
"383","1250","1000","26","2021-04-15 01:26:14.571"
"384","1263","1000","34","2021-04-15 01:26:14.571"
"385","1316","990","20","2021-04-15 01:26:14.636"
"386","1309","989","35","2021-04-15 01:26:14.637"
"387","1302","997","36","2021-04-15 01:26:14.638"
"388","1306","997","38","2021-04-15 01:26:14.638"
"389","1299","998","30","2021-04-15 01:26:14.638"
"390","1308","988","40","2021-04-15 01:26:14.650"
"391","1319","988","140","2021-04-15 01:26:14.650"
"392","1296","987","129","2021-04-15 01:26:14.650"
"393","1322","987","51","2021-04-15 01:26:14.650"
"394","1321","999","85","2021-04-15 01:26:14.717"
"395","1263","1000","258","2021-04-15 01:26:14.717"
"396","1239","1001","56","2021-04-15 01:26:14.717"
"397","1255","1001","20","2021-04-15 01:26:14.717"
"398","1259","1001","28","2021-04-15 01:26:14.717"
"399","1285","1001","176","2021-04-15 01:26:14.717"
"400","1325","997","109","2021-04-15 01:26:14.723"
"401","1338","996","56","2021-04-15 01:26:14.751"
"402","1354","1003","288","2021-04-15 01:26:14.780"
"403","1338","996","20","2021-04-15 01:26:14.784"
"404","1342","995","30","2021-04-15 01:26:14.784"
"405","1365","996","81","2021-04-15 01:26:14.799"
"406","1365","996","14","2021-04-15 01:26:14.800"
"407","1342","995","28","2021-04-15 01:26:14.800"
"408","1353","995","1164","2021-04-15 01:26:14.800"
"409","1368","1001","21","2021-04-15 01:26:14.802"
"410","1364","1002","124","2021-04-15 01:26:14.802"
"411","1353","995","61","2021-04-15 01:26:14.815"
"412","1353","995","50","2021-04-15 01:26:14.821"
"413","1353","995","77","2021-04-15 01:26:14.829"
"414","1387","994","51","2021-04-15 01:26:14.838"
"415","1385","993","20","2021-04-15 01:26:14.838"
"416","1390","999","23","2021-04-15 01:26:14.849"
"417","1376","1000","26","2021-04-15 01:26:14.849"
"418","1375","1001","44","2021-04-15 01:26:14.849"
"419","1418","994","25","2021-04-15 01:26:14.923"
"420","1416","993","27","2021-04-15 01:26:14.923"
"421","1423","998","36","2021-04-15 01:26:14.932"
"422","1419","999","24","2021-04-15 01:26:14.932"
"423","1416","993","15","2021-04-15 01:26:14.942"
"424","1399","992","39","2021-04-15 01:26:14.942"
"425","1392","991","33","2021-04-15 01:26:14.942"
"426","1411","991","20","2021-04-15 01:26:14.943"
"427","1412","991","28","2021-04-15 01:26:14.943"
"428","1429","998","20","2021-04-15 01:26:14.972"
"429","1438","999","61","2021-04-15 01:26:14.982"
"430","1437","1000","7","2021-04-15 01:26:14.982"
"431","1447","999","95","2021-04-15 01:26:15.004"
"432","1429","998","45","2021-04-15 01:26:15.012"
"433","1454","998","28","2021-04-15 01:26:15.013"
"434","1447","999","33","2021-04-15 01:26:15.013"
"435","1457","998","57","2021-04-15 01:26:15.035"
"436","1427","997","22","2021-04-15 01:26:15.044"
"437","1431","997","19","2021-04-15 01:26:15.044"
"438","1431","997","12","2021-04-15 01:26:15.046"
"439","1444","997","17","2021-04-15 01:26:15.046"
"440","1462","998","55","2021-04-15 01:26:15.051"
"441","1478","998","22","2021-04-15 01:26:15.084"
"442","1461","999","26","2021-04-15 01:26:15.084"
"443","1469","999","7","2021-04-15 01:26:15.084"
"444","1482","998","22","2021-04-15 01:26:15.089"
"445","1469","999","17","2021-04-15 01:26:15.089"
"446","1471","999","23","2021-04-15 01:26:15.089"
"447","1479","999","19","2021-04-15 01:26:15.089"
"448","1463","996","25","2021-04-15 01:26:15.096"
"449","1470","996","42","2021-04-15 01:26:15.096"
"450","1476","995","16","2021-04-15 01:26:15.096"
"451","1490","996","22","2021-04-15 01:26:15.114"
"452","1488","997","29","2021-04-15 01:26:15.152"
"453","1486","998","71","2021-04-15 01:26:15.152"
"454","1507","999","34","2021-04-15 01:26:15.218"
"455","1440","1000","38","2021-04-15 01:26:15.218"
"456","1529","995","35","2021-04-15 01:26:15.233"
"457","1504","994","43","2021-04-15 01:26:15.233"
"458","1513","994","22","2021-04-15 01:26:15.233"
"459","1516","994","57","2021-04-15 01:26:15.233"
"460","1440","1000","16","2021-04-15 01:26:15.237"
"461","1449","1000","31","2021-04-15 01:26:15.237"
"462","1511","1000","125","2021-04-15 01:26:15.237"
"463","1511","1000","32","2021-04-15 01:26:15.254"
"464","1523","1000","61","2021-04-15 01:26:15.254"
"465","1525","1000","92","2021-04-15 01:26:15.254"
"466","1432","1001","3","2021-04-15 01:26:15.254"
"467","1432","1001","59","2021-04-15 01:26:15.260"
"468","1532","1001","61","2021-04-15 01:26:15.260"
"469","1367","1003","44","2021-04-15 01:26:15.260"
"470","1367","1003","167","2021-04-15 01:26:15.262"
"471","1547","995","62","2021-04-15 01:26:15.279"
"472","1516","994","5","2021-04-15 01:26:15.279"
"473","1561","995","65","2021-04-15 01:26:15.302"
"474","1516","994","4","2021-04-15 01:26:15.302"
"475","1516","994","4","2021-04-15 01:26:15.312"
"476","1563","993","157","2021-04-15 01:26:15.312"
"477","1564","993","34","2021-04-15 01:26:15.312"
"478","1554","1001","66","2021-04-15 01:26:15.316"
"479","1586","995","35","2021-04-15 01:26:15.362"
"480","1587","998","33","2021-04-15 01:26:15.363"
"481","1582","999","20","2021-04-15 01:26:15.363"
"482","1577","1000","24","2021-04-15 01:26:15.363"
"483","1554","1001","59","2021-04-15 01:26:15.363"
"484","1628","998","20","2021-04-15 01:26:15.466"
"485","1625","999","26","2021-04-15 01:26:15.466"
"486","1635","1007","68","2021-04-15 01:26:15.479"
"487","1647","1005","120","2021-04-15 01:26:15.525"
"488","1641","1006","36","2021-04-15 01:26:15.525"
"489","1641","1006","10","2021-04-15 01:26:15.546"
"490","1657","1006","23","2021-04-15 01:26:15.546"
"491","1635","1007","303","2021-04-15 01:26:15.546"
"492","1660","1000","103","2021-04-15 01:26:15.549"
"493","1674","1005","54","2021-04-15 01:26:15.565"
"494","1668","1006","32","2021-04-15 01:26:15.566"
"495","1635","1007","78","2021-04-15 01:26:15.566"
"496","1675","1002","20","2021-04-15 01:26:15.574"
"497","1699","1007","27","2021-04-15 01:26:15.608"
"498","1686","1006","122","2021-04-15 01:26:15.608"
"499","1685","1005","37","2021-04-15 01:26:15.608"
"500","1687","1005","125","2021-04-15 01:26:15.608"
"501","1701","1004","26","2021-04-15 01:26:15.624"
"502","1702","1004","24","2021-04-15 01:26:15.624"
"503","1690","1010","57","2021-04-15 01:26:15.629"
"504","1725","1012","80","2021-04-15 01:26:15.658"
"505","1718","1013","49","2021-04-15 01:26:15.658"
"506","1743","1009","52","2021-04-15 01:26:15.730"
"507","1722","1007","39","2021-04-15 01:26:15.751"
"508","1755","1007","18","2021-04-15 01:26:15.751"
"509","1755","1007","31","2021-04-15 01:26:15.754"
"510","1757","1007","24","2021-04-15 01:26:15.754"
"511","1740","1012","56","2021-04-15 01:26:15.766"
"512","1756","1013","54","2021-04-15 01:26:15.790"
"513","1758","1013","53","2021-04-15 01:26:15.790"
"514","1758","1013","2","2021-04-15 01:26:15.795"
"515","1759","1013","49","2021-04-15 01:26:15.795"
"516","1785","1012","65","2021-04-15 01:26:15.808"
"517","1759","1013","21","2021-04-15 01:26:15.808"
"518","1794","1014","106","2021-04-15 01:26:15.823"
"519","1803","1011","41","2021-04-15 01:26:15.848"
"520","1804","1012","140","2021-04-15 01:26:15.848"
"521","1852","1015","56","2021-04-15 01:26:15.972"
"522","1851","1014","48","2021-04-15 01:26:15.972"
"523","1846","1013","29","2021-04-15 01:26:15.972"
"524","1835","1012","27","2021-04-15 01:26:15.972"
"525","1848","1012","38","2021-04-15 01:26:15.972"
"526","1829","1011","21","2021-04-15 01:26:15.972"
"527","1836","1011","31","2021-04-15 01:26:15.972"
"528","1837","1011","27","2021-04-15 01:26:15.972"
"529","1840","1011","42","2021-04-15 01:26:15.972"
"530","1815","1010","54","2021-04-15 01:26:15.972"
"531","1821","1010","30","2021-04-15 01:26:15.972"
"532","1823","1010","33","2021-04-15 01:26:15.972"
"533","1830","1010","25","2021-04-15 01:26:15.972"
"534","1808","1009","23","2021-04-15 01:26:15.972"
"535","1819","1009","26","2021-04-15 01:26:15.972"
"536","1788","1008","53","2021-04-15 01:26:15.972"
"537","1786","1007","35","2021-04-15 01:26:15.972"
"538","1806","1007","75","2021-04-15 01:26:15.972"
"539","1841","1021","102","2021-04-15 01:26:15.981"
"540","1858","1020","31","2021-04-15 01:26:15.986"
"541","1841","1021","39","2021-04-15 01:26:15.986"
"542","1870","1021","23","2021-04-15 01:26:16.018"
"543","1847","1022","61","2021-04-15 01:26:16.018"
"544","1877","1014","58","2021-04-15 01:26:16.030"
"545","1876","1011","66","2021-04-15 01:26:16.033"
"546","1874","1010","20","2021-04-15 01:26:16.033"
"547","1874","1010","6","2021-04-15 01:26:16.035"
"548","1871","1009","23","2021-04-15 01:26:16.035"
"549","1863","1008","289","2021-04-15 01:26:16.035"
"550","1854","1006","69","2021-04-15 01:26:16.035"
"551","1885","1013","35","2021-04-15 01:26:16.042"
"552","1891","1014","24","2021-04-15 01:26:16.060"
"553","1883","1015","38","2021-04-15 01:26:16.062"
"554","1883","1015","8","2021-04-15 01:26:16.064"
"555","1896","1015","35","2021-04-15 01:26:16.068"
"556","1896","1015","25","2021-04-15 01:26:16.070"
"557","1894","1014","1","2021-04-15 01:26:16.070"
"558","1893","1013","41","2021-04-15 01:26:16.070"
"559","1902","1011","52","2021-04-15 01:26:16.097"
"560","1924","1009","25","2021-04-15 01:26:16.120"
"561","1922","1008","53","2021-04-15 01:26:16.120"
"562","1934","1016","21","2021-04-15 01:26:16.143"
"563","1931","1017","30","2021-04-15 01:26:16.143"
"564","1936","1017","20","2021-04-15 01:26:16.149"
"565","1922","1008","56","2021-04-15 01:26:16.150"
"566","1940","1018","69","2021-04-15 01:26:16.156"
"567","1922","1008","218","2021-04-15 01:26:16.195"
"568","1923","1007","36","2021-04-15 01:26:16.195"
"569","1930","1007","110","2021-04-15 01:26:16.195"
"570","1932","1007","232","2021-04-15 01:26:16.195"
"571","1941","1007","28","2021-04-15 01:26:16.195"
"572","1945","1007","15","2021-04-15 01:26:16.195"
"573","1946","1007","20","2021-04-15 01:26:16.207"
"574","1950","1006","39","2021-04-15 01:26:16.207"
"575","1951","1006","17","2021-04-15 01:26:16.207"
"576","1953","1007","54","2021-04-15 01:26:16.212"
"577","1951","1006","25","2021-04-15 01:26:16.214"
"578","1951","1006","4","2021-04-15 01:26:16.215"
"579","1960","996","28","2021-04-15 01:26:16.225"
"580","1961","1005","22","2021-04-15 01:26:16.227"
"581","1957","1006","35","2021-04-15 01:26:16.227"
"582","1953","1007","52","2021-04-15 01:26:16.227"
"583","1958","1007","26","2021-04-15 01:26:16.227"
"584","1954","1008","51","2021-04-15 01:26:16.227"
"585","1969","996","40","2021-04-15 01:26:16.247"
"586","1970","997","63","2021-04-15 01:26:16.249"
"587","1976","996","45","2021-04-15 01:26:16.262"
"588","1970","997","27","2021-04-15 01:26:16.262"
"589","1968","998","20","2021-04-15 01:26:16.263"
"590","1972","998","34","2021-04-15 01:26:16.263"
"591","1965","999","68","2021-04-15 01:26:16.263"
"592","1981","998","51","2021-04-15 01:26:16.269"
"593","1981","998","25","2021-04-15 01:26:16.287"
"594","1988","999","25","2021-04-15 01:26:16.288"
"595","1992","999","35","2021-04-15 01:26:16.294"
"596","1998","999","38","2021-04-15 01:26:16.310"
"597","1990","1000","81","2021-04-15 01:26:16.326"
"598","2002","999","28","2021-04-15 01:26:16.331"
"599","2004","1001","20","2021-04-15 01:26:16.337"
"600","2017","1008","64","2021-04-15 01:26:16.372"
"601","2026","1009","21","2021-04-15 01:26:16.372"
"602","2030","1001","23","2021-04-15 01:26:16.380"
"603","2030","1001","63","2021-04-15 01:26:16.389"
"604","2030","1001","57","2021-04-15 01:26:16.391"
"605","2039","1002","40","2021-04-15 01:26:16.394"
"606","2030","1001","50","2021-04-15 01:26:16.394"
"607","2049","1003","55","2021-04-15 01:26:16.416"
"608","2044","1004","21","2021-04-15 01:26:16.416"
"609","2050","1004","40","2021-04-15 01:26:16.438"
"610","2059","1005","21","2021-04-15 01:26:16.446"
"611","2064","1005","38","2021-04-15 01:26:16.451"
"612","2043","1002","69","2021-04-15 01:26:16.477"
"613","2030","1001","345","2021-04-15 01:26:16.477"
"614","2030","1001","119","2021-04-15 01:26:16.482"
"615","2086","1002","21","2021-04-15 01:26:16.486"
"616","2096","1001","59","2021-04-15 01:26:16.508"
"617","2099","1005","42","2021-04-15 01:26:16.518"
"618","2094","1006","13","2021-04-15 01:26:16.518"
"619","2104","1004","29","2021-04-15 01:26:16.541"
"620","2103","1003","26","2021-04-15 01:26:16.541"
"621","2107","1003","18","2021-04-15 01:26:16.541"
"622","2121","1005","34","2021-04-15 01:26:16.575"
"623","2123","1005","40","2021-04-15 01:26:16.576"
"624","2123","1005","207","2021-04-15 01:26:16.584"
"625","2123","1005","44","2021-04-15 01:26:16.585"
"626","2118","1004","27","2021-04-15 01:26:16.591"
"627","2118","1004","112","2021-04-15 01:26:16.604"
"628","2107","1003","22","2021-04-15 01:26:16.604"
"629","2108","1003","22","2021-04-15 01:26:16.604"
"630","2129","1003","27","2021-04-15 01:26:16.604"
"631","2102","1002","65","2021-04-15 01:26:16.659"
"632","2096","1001","5","2021-04-15 01:26:16.659"
"633","2157","1005","94","2021-04-15 01:26:16.678"
"634","2158","1003","25","2021-04-15 01:26:16.694"
"635","2156","1002","84","2021-04-15 01:26:16.694"
"636","2096","1001","36","2021-04-15 01:26:16.694"
"637","2152","1001","31","2021-04-15 01:26:16.694"
"638","2029","1000","10","2021-04-15 01:26:16.694"
"639","2114","1006","70","2021-04-15 01:26:16.696"
"640","2174","1001","34","2021-04-15 01:26:16.719"
"641","2029","1000","43","2021-04-15 01:26:16.719"
"642","2034","1000","36","2021-04-15 01:26:16.719"
"643","2035","1000","12","2021-04-15 01:26:16.719"
"644","2175","1005","54","2021-04-15 01:26:16.721"
"645","2214","998","39","2021-04-15 01:26:16.813"
"646","2209","999","63","2021-04-15 01:26:16.814"
"647","2231","995","32","2021-04-15 01:26:16.855"
"648","2239","996","60","2021-04-15 01:26:16.901"
"649","2247","998","47","2021-04-15 01:26:16.904"
"650","2247","998","1","2021-04-15 01:26:16.906"
"651","2251","998","41","2021-04-15 01:26:16.907"
"652","2251","998","49","2021-04-15 01:26:16.909"
"653","2259","997","30","2021-04-15 01:26:16.932"
"654","2262","994","133","2021-04-15 01:26:16.954"
"655","2276","989","23","2021-04-15 01:26:16.993"
"656","2293","987","25","2021-04-15 01:26:17.027"
"657","2310","992","22","2021-04-15 01:26:17.097"
"658","2320","993","24","2021-04-15 01:26:17.119"
"659","2319","994","22","2021-04-15 01:26:17.119"
"660","2322","994","53","2021-04-15 01:26:17.119"
"661","2312","995","28","2021-04-15 01:26:17.119"
"662","2292","996","16","2021-04-15 01:26:17.119"
"663","2327","995","27","2021-04-15 01:26:17.129"
"664","2292","996","45","2021-04-15 01:26:17.131"
"665","2327","995","5","2021-04-15 01:26:17.133"
"666","2328","994","20","2021-04-15 01:26:17.135"
"667","2332","995","56","2021-04-15 01:26:17.150"
"668","2340","994","27","2021-04-15 01:26:17.157"
"669","2345","986","52","2021-04-15 01:26:17.183"
"670","2344","985","30","2021-04-15 01:26:17.183"
"671","2347","985","63","2021-04-15 01:26:17.183"
"672","2349","985","47","2021-04-15 01:26:17.183"
"673","2354","985","38","2021-04-15 01:26:17.183"
"674","2385","991","42","2021-04-15 01:26:17.317"
"675","2377","992","51","2021-04-15 01:26:17.317"
"676","2400","990","21","2021-04-15 01:26:17.323"
"677","2399","991","50","2021-04-15 01:26:17.323"
"678","2377","992","37","2021-04-15 01:26:17.323"
"679","2376","993","39","2021-04-15 01:26:17.323"
"680","2375","994","43","2021-04-15 01:26:17.323"
"681","2338","995","45","2021-04-15 01:26:17.323"
"682","2292","996","5","2021-04-15 01:26:17.323"
"683","2346","996","26","2021-04-15 01:26:17.323"
"684","2402","995","68","2021-04-15 01:26:17.328"
"685","2408","995","44","2021-04-15 01:26:17.343"
"686","2346","996","19","2021-04-15 01:26:17.343"
"687","2373","996","119","2021-04-15 01:26:17.343"
"688","2411","995","47","2021-04-15 01:26:17.353"
"689","2413","995","20","2021-04-15 01:26:17.354"
"690","2413","995","37","2021-04-15 01:26:17.356"
"691","2417","994","71","2021-04-15 01:26:17.364"
"692","2407","993","43","2021-04-15 01:26:17.364"
"693","2428","995","23","2021-04-15 01:26:17.414"
"694","2373","996","31","2021-04-15 01:26:17.414"
"695","2421","996","24","2021-04-15 01:26:17.414"
"696","2429","996","29","2021-04-15 01:26:17.414"
"697","2431","996","23","2021-04-15 01:26:17.414"
"698","2268","997","38","2021-04-15 01:26:17.414"
"699","2280","997","21","2021-04-15 01:26:17.414"
"700","2283","997","36","2021-04-15 01:26:17.414"
"701","2410","997","36","2021-04-15 01:26:17.414"
"702","2273","998","121","2021-04-15 01:26:17.414"
"703","2273","998","204","2021-04-15 01:26:17.471"
"704","2443","998","54","2021-04-15 01:26:17.471"
"705","2437","999","16","2021-04-15 01:26:17.471"
"706","2448","991","35","2021-04-15 01:26:17.480"
"707","2449","991","56","2021-04-15 01:26:17.480"
"708","2452","991","47","2021-04-15 01:26:17.480"
"709","2434","990","30","2021-04-15 01:26:17.480"
"710","2424","989","62","2021-04-15 01:26:17.480"
"711","2477","997","64","2021-04-15 01:26:17.536"
"712","2483","995","20","2021-04-15 01:26:17.543"
"713","2478","994","49","2021-04-15 01:26:17.543"
"714","2489","996","32","2021-04-15 01:26:17.567"
"715","2477","997","7","2021-04-15 01:26:17.567"
"716","2458","998","24","2021-04-15 01:26:17.567"
"717","2479","998","1","2021-04-15 01:26:17.567"
"718","2495","995","39","2021-04-15 01:26:17.569"
"719","2493","994","83","2021-04-15 01:26:17.569"
"720","2491","993","26","2021-04-15 01:26:17.569"
"721","2503","999","99","2021-04-15 01:26:17.586"
"722","2507","992","445","2021-04-15 01:26:17.591"
"723","2504","991","36","2021-04-15 01:26:17.591"
"724","2499","990","22","2021-04-15 01:26:17.591"
"725","2506","990","963","2021-04-15 01:26:17.591"
"726","2500","989","67","2021-04-15 01:26:17.591"
"727","2516","996","56","2021-04-15 01:26:17.618"
"728","2513","995","27","2021-04-15 01:26:17.620"
"729","2531","992","35","2021-04-15 01:26:17.643"
"730","2529","991","32","2021-04-15 01:26:17.643"
"731","2544","990","92","2021-04-15 01:26:17.710"
"732","2522","989","30","2021-04-15 01:26:17.710"
"733","2548","989","25","2021-04-15 01:26:17.710"
"734","2524","988","38","2021-04-15 01:26:17.723"
"735","2554","988","79","2021-04-15 01:26:17.723"
"736","2551","994","33","2021-04-15 01:26:17.731"
"737","2547","995","32","2021-04-15 01:26:17.731"
"738","2561","994","22","2021-04-15 01:26:17.739"
"739","2564","994","3","2021-04-15 01:26:17.746"
"740","2563","993","103","2021-04-15 01:26:17.746"
"741","2567","985","36","2021-04-15 01:26:17.754"
"742","2575","993","42","2021-04-15 01:26:17.767"
"743","2590","985","75","2021-04-15 01:26:17.807"
"744","2600","981","21","2021-04-15 01:26:17.832"
"745","2605","990","67","2021-04-15 01:26:17.839"
"746","2604","989","34","2021-04-15 01:26:17.844"
"747","2609","989","20","2021-04-15 01:26:17.846"
"748","2608","988","21","2021-04-15 01:26:17.861"
"749","2622","989","23","2021-04-15 01:26:17.891"
"750","2608","988","36","2021-04-15 01:26:17.907"
"751","2608","988","119","2021-04-15 01:26:17.908"
"752","2614","987","64","2021-04-15 01:26:17.908"
"753","2599","991","36","2021-04-15 01:26:17.933"
"754","2607","991","21","2021-04-15 01:26:17.933"
"755","2652","990","53","2021-04-15 01:26:17.964"
"756","2643","989","34","2021-04-15 01:26:17.965"
"757","2662","984","164","2021-04-15 01:26:17.993"
"758","2659","983","21","2021-04-15 01:26:17.993"
"759","2663","983","64","2021-04-15 01:26:17.993"
"760","2661","982","64","2021-04-15 01:26:17.993"
"761","2668","984","36","2021-04-15 01:26:18.006"
"762","2607","991","12","2021-04-15 01:26:18.012"
"763","2658","991","22","2021-04-15 01:26:18.012"
"764","2664","991","17","2021-04-15 01:26:18.012"
"765","2680","990","70","2021-04-15 01:26:18.040"
"766","2694","987","48","2021-04-15 01:26:18.081"
"767","2692","986","8","2021-04-15 01:26:18.081"
"768","2692","986","26","2021-04-15 01:26:18.083"
"769","2696","986","31","2021-04-15 01:26:18.083"
"770","2697","986","19","2021-04-15 01:26:18.083"
"771","2697","986","36","2021-04-15 01:26:18.084"
"772","2691","985","19","2021-04-15 01:26:18.084"
"773","2664","991","8","2021-04-15 01:26:18.094"
"774","2695","991","20","2021-04-15 01:26:18.094"
"775","2597","992","24","2021-04-15 01:26:18.094"
"776","2649","992","5","2021-04-15 01:26:18.094"
"777","2649","992","71","2021-04-15 01:26:18.101"
"778","2708","987","41","2021-04-15 01:26:18.120"
"779","2701","986","12","2021-04-15 01:26:18.120"
"780","2716","990","179","2021-04-15 01:26:18.133"
"781","2715","991","28","2021-04-15 01:26:18.133"
"782","2719","991","85","2021-04-15 01:26:18.133"
"783","2649","992","27","2021-04-15 01:26:18.133"
"784","2651","992","28","2021-04-15 01:26:18.133"
"785","2678","992","4","2021-04-15 01:26:18.133"
"786","2701","986","59","2021-04-15 01:26:18.140"
"787","2711","986","28","2021-04-15 01:26:18.140"
"788","2678","992","21","2021-04-15 01:26:18.144"
"789","2703","992","66","2021-04-15 01:26:18.144"
"790","2730","990","142","2021-04-15 01:26:18.175"
"791","2729","991","22","2021-04-15 01:26:18.175"
"792","2734","991","29","2021-04-15 01:26:18.175"
"793","2735","991","29","2021-04-15 01:26:18.175"
"794","2703","992","10","2021-04-15 01:26:18.175"
"795","2598","993","23","2021-04-15 01:26:18.175"
"796","2709","993","36","2021-04-15 01:26:18.175"
"797","2710","993","176","2021-04-15 01:26:18.175"
"798","2714","993","44","2021-04-15 01:26:18.175"
"799","2727","993","21","2021-04-15 01:26:18.175"
"800","2593","994","21","2021-04-15 01:26:18.175"
"801","2558","995","21","2021-04-15 01:26:18.175"
"802","2745","993","26","2021-04-15 01:26:18.206"
"803","2744","994","29","2021-04-15 01:26:18.206"
"804","2759","987","82","2021-04-15 01:26:18.246"
"805","2759","987","31","2021-04-15 01:26:18.252"
"806","2741","984","35","2021-04-15 01:26:18.281"
"807","2742","984","103","2021-04-15 01:26:18.281"
"808","2757","984","65","2021-04-15 01:26:18.281"
"809","2773","984","35","2021-04-15 01:26:18.281"
"810","2775","983","37","2021-04-15 01:26:18.281"
"811","2759","987","178","2021-04-15 01:26:18.296"
"812","2778","985","62","2021-04-15 01:26:18.299"
"813","2788","985","28","2021-04-15 01:26:18.310"
"814","2783","986","91","2021-04-15 01:26:18.310"
"815","2800","984","34","2021-04-15 01:26:18.331"
"816","2797","985","58","2021-04-15 01:26:18.333"
"817","2797","985","64","2021-04-15 01:26:18.335"
"818","2797","985","40","2021-04-15 01:26:18.337"
"819","2797","985","27","2021-04-15 01:26:18.342"
"820","2800","984","9","2021-04-15 01:26:18.343"
"821","2795","983","26","2021-04-15 01:26:18.374"
"822","2797","985","30","2021-04-15 01:26:18.407"
"823","2825","984","22","2021-04-15 01:26:18.414"
"824","2795","983","1","2021-04-15 01:26:18.414"
"825","2806","983","38","2021-04-15 01:26:18.414"
"826","2826","983","30","2021-04-15 01:26:18.414"
"827","2826","983","21","2021-04-15 01:26:18.422"
"828","2830","984","56","2021-04-15 01:26:18.423"
"829","2797","985","35","2021-04-15 01:26:18.430"
"830","2797","985","41","2021-04-15 01:26:18.435"
"831","2809","985","29","2021-04-15 01:26:18.435"
"832","2783","986","25","2021-04-15 01:26:18.453"
"833","2840","987","20","2021-04-15 01:26:18.453"
"834","2753","989","23","2021-04-15 01:26:18.453"
"835","2833","984","28","2021-04-15 01:26:18.475"
"836","2794","981","23","2021-04-15 01:26:18.475"
"837","2868","985","26","2021-04-15 01:26:18.503"
"838","2867","986","21","2021-04-15 01:26:18.503"
"839","2865","987","30","2021-04-15 01:26:18.503"
"840","2864","988","44","2021-04-15 01:26:18.503"
"841","2866","988","68","2021-04-15 01:26:18.503"
"842","2855","989","31","2021-04-15 01:26:18.522"
"843","2858","990","38","2021-04-15 01:26:18.522"
"844","2877","979","31","2021-04-15 01:26:18.531"
"845","2881","978","99","2021-04-15 01:26:18.531"
"846","2882","978","44","2021-04-15 01:26:18.531"
"847","2895","988","104","2021-04-15 01:26:18.554"
"848","2895","988","96","2021-04-15 01:26:18.556"
"849","2879","989","105","2021-04-15 01:26:18.556"
"850","2890","989","21","2021-04-15 01:26:18.556"
"851","2858","990","122","2021-04-15 01:26:18.556"
"852","2859","990","11","2021-04-15 01:26:18.556"
"853","2912","989","24","2021-04-15 01:26:18.595"
"854","2859","990","10","2021-04-15 01:26:18.595"
"855","2908","991","23","2021-04-15 01:26:18.595"
"856","2911","991","26","2021-04-15 01:26:18.595"
"857","2889","984","22","2021-04-15 01:26:18.626"
"858","2901","983","22","2021-04-15 01:26:18.626"
"859","2904","983","23","2021-04-15 01:26:18.626"
"860","2921","992","20","2021-04-15 01:26:18.658"
"861","2930","993","22","2021-04-15 01:26:18.658"
"862","2934","993","50","2021-04-15 01:26:18.658"
"863","2919","995","135","2021-04-15 01:26:18.658"
"864","2933","984","33","2021-04-15 01:26:18.660"
"865","2904","983","25","2021-04-15 01:26:18.660"
"866","2939","993","24","2021-04-15 01:26:18.668"
"867","2940","994","38","2021-04-15 01:26:18.668"
"868","2957","988","26","2021-04-15 01:26:18.712"
"869","2954","989","22","2021-04-15 01:26:18.712"
"870","2927","982","133","2021-04-15 01:26:18.714"
"871","2966","984","32","2021-04-15 01:26:18.731"
"872","2962","983","23","2021-04-15 01:26:18.731"
"873","2927","982","109","2021-04-15 01:26:18.731"
"874","2964","993","55","2021-04-15 01:26:18.733"
"875","2927","982","128","2021-04-15 01:26:18.763"
"876","2927","982","65","2021-04-15 01:26:18.769"
"877","2932","982","4","2021-04-15 01:26:18.769"
"878","2983","991","20","2021-04-15 01:26:18.780"
"879","2975","992","33","2021-04-15 01:26:18.780"
"880","2964","993","41","2021-04-15 01:26:18.780"
"881","2993","991","30","2021-04-15 01:26:18.807"
"882","2986","992","75","2021-04-15 01:26:18.807"
"883","2999","983","59","2021-04-15 01:26:18.818"
"884","2932","982","81","2021-04-15 01:26:18.818"
"885","3010","987","33","2021-04-15 01:26:18.856"
"886","3008","988","21","2021-04-15 01:26:18.856"
"887","3008","988","15","2021-04-15 01:26:18.882"
"888","3012","988","31","2021-04-15 01:26:18.882"
"889","3002","984","42","2021-04-15 01:26:18.886"
"890","3022","983","28","2021-04-15 01:26:18.886"
"891","3025","988","21","2021-04-15 01:26:18.919"
"892","3047","987","74","2021-04-15 01:26:18.947"
"893","3046","988","68","2021-04-15 01:26:18.947"
"894","3048","988","168","2021-04-15 01:26:18.947"
"895","3048","988","59","2021-04-15 01:26:18.953"
"896","3045","985","60","2021-04-15 01:26:18.971"
"897","3048","988","59","2021-04-15 01:26:18.985"
"898","3071","987","20","2021-04-15 01:26:19.011"
"899","3076","987","28","2021-04-15 01:26:19.031"
"900","3065","986","30","2021-04-15 01:26:19.031"
"901","3084","986","29","2021-04-15 01:26:19.043"
"902","3082","987","41","2021-04-15 01:26:19.043"
"903","3082","987","31","2021-04-15 01:26:19.045"
"904","3048","988","275","2021-04-15 01:26:19.045"
"905","3053","988","320","2021-04-15 01:26:19.077"
"906","3061","988","22","2021-04-15 01:26:19.077"
"907","3062","988","45","2021-04-15 01:26:19.077"
"908","3072","988","23","2021-04-15 01:26:19.077"
"909","3091","989","34","2021-04-15 01:26:19.077"
"910","3101","986","23","2021-04-15 01:26:19.090"
"911","3066","985","21","2021-04-15 01:26:19.128"
"912","3070","985","40","2021-04-15 01:26:19.128"
"913","3073","985","76","2021-04-15 01:26:19.128"
"914","3074","985","101","2021-04-15 01:26:19.128"
"915","3075","985","22","2021-04-15 01:26:19.128"
"916","3102","985","37","2021-04-15 01:26:19.128"
"917","3104","985","44","2021-04-15 01:26:19.128"
"918","3106","985","41","2021-04-15 01:26:19.128"
"919","3099","984","34","2021-04-15 01:26:19.128"
"920","3112","993","51","2021-04-15 01:26:19.140"
"921","3111","994","24","2021-04-15 01:26:19.142"
"922","3113","995","27","2021-04-15 01:26:19.155"
"923","3123","999","25","2021-04-15 01:26:19.161"
"924","3112","993","8","2021-04-15 01:26:19.184"
"925","3129","1003","90","2021-04-15 01:26:19.192"
"926","3135","996","52","2021-04-15 01:26:19.208"
"927","3137","997","25","2021-04-15 01:26:19.210"
"928","3135","996","37","2021-04-15 01:26:19.245"
"929","3138","995","21","2021-04-15 01:26:19.245"
"930","3169","998","61","2021-04-15 01:26:19.273"
"931","3171","996","126","2021-04-15 01:26:19.285"
"932","3181","986","65","2021-04-15 01:26:19.321"
"933","3189","996","26","2021-04-15 01:26:19.332"
"934","3189","996","121","2021-04-15 01:26:19.343"
"935","3192","995","48","2021-04-15 01:26:19.354"
"936","3195","994","41","2021-04-15 01:26:19.354"
"937","3203","993","25","2021-04-15 01:26:19.391"
"938","3204","992","26","2021-04-15 01:26:19.391"
"939","3207","992","3","2021-04-15 01:26:19.391"
"940","3222","995","113","2021-04-15 01:26:19.416"
"941","3221","996","29","2021-04-15 01:26:19.433"
"942","3224","996","30","2021-04-15 01:26:19.433"
"943","3239","995","20","2021-04-15 01:26:19.475"
"944","3239","995","14","2021-04-15 01:26:19.476"
"945","3224","996","8","2021-04-15 01:26:19.478"
"946","3183","997","23","2021-04-15 01:26:19.478"
"947","3194","997","24","2021-04-15 01:26:19.478"
"948","3241","995","18","2021-04-15 01:26:19.501"
"949","3216","994","34","2021-04-15 01:26:19.501"
"950","3243","994","124","2021-04-15 01:26:19.501"
"951","3210","992","53","2021-04-15 01:26:19.501"
"952","3231","997","20","2021-04-15 01:26:19.508"
"953","3169","998","50","2021-04-15 01:26:19.508"
"954","3214","998","25","2021-04-15 01:26:19.508"
"955","3217","998","116","2021-04-15 01:26:19.508"
"956","3217","998","49","2021-04-15 01:26:19.516"
"957","3245","998","78","2021-04-15 01:26:19.516"
"958","3163","999","2","2021-04-15 01:26:19.516"
"959","3259","990","23","2021-04-15 01:26:19.531"
"960","3262","997","24","2021-04-15 01:26:19.539"
"961","3265","997","21","2021-04-15 01:26:19.542"
"962","3267","997","42","2021-04-15 01:26:19.544"
"963","3267","997","35","2021-04-15 01:26:19.552"
"964","3264","996","21","2021-04-15 01:26:19.560"
"965","3269","998","21","2021-04-15 01:26:19.569"
"966","3277","997","87","2021-04-15 01:26:19.574"
"967","3289","997","24","2021-04-15 01:26:19.684"
"968","3264","996","1","2021-04-15 01:26:19.684"
"969","3279","996","37","2021-04-15 01:26:19.684"
"970","3280","996","24","2021-04-15 01:26:19.684"
"971","3275","995","22","2021-04-15 01:26:19.684"
"972","3284","995","40","2021-04-15 01:26:19.684"
"973","3258","999","62","2021-04-15 01:26:19.707"
"974","3298","999","77","2021-04-15 01:26:19.730"
"975","3312","994","21","2021-04-15 01:26:19.738"
"976","3309","993","49","2021-04-15 01:26:19.738"
"977","3317","997","22","2021-04-15 01:26:19.744"
"978","3316","998","31","2021-04-15 01:26:19.744"
"979","3298","999","42","2021-04-15 01:26:19.744"
"980","3323","998","42","2021-04-15 01:26:19.755"
"981","3301","999","118","2021-04-15 01:26:19.755"
"982","3324","999","37","2021-04-15 01:26:19.755"
"983","3296","1000","36","2021-04-15 01:26:19.755"
"984","3296","1000","60","2021-04-15 01:26:19.756"
"985","3327","994","29","2021-04-15 01:26:19.773"
"986","3309","993","37","2021-04-15 01:26:19.773"
"987","3337","995","79","2021-04-15 01:26:19.800"
"988","3346","996","53","2021-04-15 01:26:19.805"
"989","3337","995","27","2021-04-15 01:26:19.805"
"990","3352","996","36","2021-04-15 01:26:19.820"
"991","3337","995","62","2021-04-15 01:26:19.820"
"992","3337","995","22","2021-04-15 01:26:19.828"
"993","3336","994","21","2021-04-15 01:26:19.832"
"994","3331","993","29","2021-04-15 01:26:19.832"
"995","3321","992","20","2021-04-15 01:26:19.832"
"996","3356","995","24","2021-04-15 01:26:19.835"
"997","3355","996","43","2021-04-15 01:26:19.835"
"998","3357","996","22","2021-04-15 01:26:19.835"
"999","3350","997","44","2021-04-15 01:26:19.835"
"1000","3342","998","134","2021-04-15 01:26:19.835"
"1001","3351","998","39","2021-04-15 01:26:19.835"
"1002","3353","998","88","2021-04-15 01:26:19.835"
"1003","3335","999","88","2021-04-15 01:26:19.835"
"1004","3349","999","26","2021-04-15 01:26:19.835"
"1005","3296","1000","235","2021-04-15 01:26:19.835"
"1006","3310","1000","70","2021-04-15 01:26:19.835"
"1007","3314","1000","60","2021-04-15 01:26:19.835"
"1008","3315","1000","86","2021-04-15 01:26:19.835"
"1009","3340","1000","21","2021-04-15 01:26:19.835"
"1010","3341","1000","35","2021-04-15 01:26:19.835"
"1011","3330","1001","49","2021-04-15 01:26:19.835"
"1012","3364","999","67","2021-04-15 01:26:19.845"
"1013","3364","999","57","2021-04-15 01:26:19.847"
"1014","3370","1000","28","2021-04-15 01:26:19.865"
"1015","3364","999","62","2021-04-15 01:26:19.865"
"1016","3363","998","43","2021-04-15 01:26:19.865"
"1017","3368","998","17","2021-04-15 01:26:19.865"
"1018","3390","1008","35","2021-04-15 01:26:19.943"
"1019","3394","1008","27","2021-04-15 01:26:19.943"
"1020","3369","998","115","2021-04-15 01:26:19.947"
"1021","3369","998","255","2021-04-15 01:26:19.950"
"1022","3409","1005","64","2021-04-15 01:26:19.957"
"1023","3410","1006","207","2021-04-15 01:26:19.957"
"1024","3417","1004","63","2021-04-15 01:26:19.974"
"1025","3428","1001","25","2021-04-15 01:26:20.002"
"1026","3430","1001","21","2021-04-15 01:26:20.004"
"1027","3430","1001","4","2021-04-15 01:26:20.015"
"1028","3407","999","27","2021-04-15 01:26:20.022"
"1029","3420","999","358","2021-04-15 01:26:20.022"
"1030","3427","999","37","2021-04-15 01:26:20.022"
"1031","3438","999","82","2021-04-15 01:26:20.024"
"1032","3369","998","28","2021-04-15 01:26:20.026"
"1033","3375","998","8","2021-04-15 01:26:20.026"
"1034","3435","1001","17","2021-04-15 01:26:20.064"
"1035","3450","1001","21","2021-04-15 01:26:20.064"
"1036","3454","1002","42","2021-04-15 01:26:20.064"
"1037","3469","1000","21","2021-04-15 01:26:20.103"
"1038","3487","999","27","2021-04-15 01:26:20.139"
"1039","3482","1000","44","2021-04-15 01:26:20.139"
"1040","3489","1000","72","2021-04-15 01:26:20.139"
"1041","3489","1000","97","2021-04-15 01:26:20.140"
"1042","3490","1000","44","2021-04-15 01:26:20.140"
"1043","3491","1000","15","2021-04-15 01:26:20.140"
"1044","3513","999","27","2021-04-15 01:26:20.206"
"1045","3502","998","25","2021-04-15 01:26:20.206"
"1046","3503","997","15","2021-04-15 01:26:20.206"
"1047","3518","999","32","2021-04-15 01:26:20.213"
"1048","3516","1000","93","2021-04-15 01:26:20.213"
"1049","3500","1001","28","2021-04-15 01:26:20.213"
"1050","3478","1002","24","2021-04-15 01:26:20.213"
"1051","3501","1002","17","2021-04-15 01:26:20.213"
"1052","3503","997","13","2021-04-15 01:26:20.215"
"1053","3488","996","22","2021-04-15 01:26:20.215"
"1054","3517","996","23","2021-04-15 01:26:20.215"
"1055","3514","1002","25","2021-04-15 01:26:20.262"
"1056","3529","1003","32","2021-04-15 01:26:20.262"
"1057","3529","1003","40","2021-04-15 01:26:20.283"
"1058","3533","1003","87","2021-04-15 01:26:20.283"
"1059","3542","999","63","2021-04-15 01:26:20.285"
"1060","3543","998","21","2021-04-15 01:26:20.293"
"1061","3558","1002","58","2021-04-15 01:26:20.335"
"1062","3559","1003","39","2021-04-15 01:26:20.335"
"1063","3559","1003","51","2021-04-15 01:26:20.351"
"1064","3559","1003","30","2021-04-15 01:26:20.352"
"1065","3566","1002","30","2021-04-15 01:26:20.360"
"1066","3564","1001","21","2021-04-15 01:26:20.360"
"1067","3567","1001","14","2021-04-15 01:26:20.360"
"1068","3576","1002","59","2021-04-15 01:26:20.372"
"1069","3576","1002","9","2021-04-15 01:26:20.373"
"1070","3585","1002","25","2021-04-15 01:26:20.391"
"1071","3567","1001","13","2021-04-15 01:26:20.391"
"1072","3556","998","33","2021-04-15 01:26:20.391"
"1073","3595","1002","44","2021-04-15 01:26:20.430"
"1074","3559","1003","40","2021-04-15 01:26:20.430"
"1075","3575","1004","21","2021-04-15 01:26:20.484"
"1076","3605","1004","39","2021-04-15 01:26:20.484"
"1077","3632","1011","87","2021-04-15 01:26:20.518"
"1078","3626","1000","60","2021-04-15 01:26:20.524"
"1079","3622","999","39","2021-04-15 01:26:20.524"
"1080","3609","998","134","2021-04-15 01:26:20.524"
"1081","3638","1013","21","2021-04-15 01:26:20.531"
"1082","3647","1010","684","2021-04-15 01:26:20.542"
"1083","3644","1009","23","2021-04-15 01:26:20.542"
"1084","3637","1008","26","2021-04-15 01:26:20.542"
"1085","3639","1007","31","2021-04-15 01:26:20.542"
"1086","3643","1007","25","2021-04-15 01:26:20.542"
"1087","3655","1013","47","2021-04-15 01:26:20.565"
"1088","3659","1014","41","2021-04-15 01:26:20.568"
"1089","3663","1015","14","2021-04-15 01:26:20.568"
"1090","3663","1015","21","2021-04-15 01:26:20.572"
"1091","3665","1016","31","2021-04-15 01:26:20.572"
"1092","3667","1014","91","2021-04-15 01:26:20.592"
"1093","3662","1013","100","2021-04-15 01:26:20.594"
"1094","3676","1014","24","2021-04-15 01:26:20.596"
"1095","3676","1014","22","2021-04-15 01:26:20.597"
"1096","3676","1014","36","2021-04-15 01:26:20.601"
"1097","3662","1013","28","2021-04-15 01:26:20.603"
"1098","3676","1014","57","2021-04-15 01:26:20.604"
"1099","3693","1011","21","2021-04-15 01:26:20.623"
"1100","3693","1011","55","2021-04-15 01:26:20.628"
"1101","3692","1012","48","2021-04-15 01:26:20.629"
"1102","3693","1011","116","2021-04-15 01:26:20.639"
"1103","3693","1011","93","2021-04-15 01:26:20.644"
"1104","3706","1012","50","2021-04-15 01:26:20.650"
"1105","3716","1014","33","2021-04-15 01:26:20.683"
"1106","3712","1013","22","2021-04-15 01:26:20.683"
"1107","3726","1016","60","2021-04-15 01:26:20.696"
"1108","3725","1017","27","2021-04-15 01:26:20.696"
"1109","3717","1013","24","2021-04-15 01:26:20.706"
"1110","3706","1012","25","2021-04-15 01:26:20.706"
"1111","3714","1012","27","2021-04-15 01:26:20.706"
"1112","3725","1017","24","2021-04-15 01:26:20.729"
"1113","3742","1024","38","2021-04-15 01:26:20.736"
"1114","3747","1016","59","2021-04-15 01:26:20.752"
"1115","3758","1024","97","2021-04-15 01:26:20.763"
"1116","3762","1027","52","2021-04-15 01:26:20.779"
"1117","3770","1020","29","2021-04-15 01:26:20.789"
"1118","3760","1019","48","2021-04-15 01:26:20.789"
"1119","3764","1018","23","2021-04-15 01:26:20.789"
"1120","3766","1018","28","2021-04-15 01:26:20.789"
"1121","3768","1018","23","2021-04-15 01:26:20.789"
"1122","3755","1017","57","2021-04-15 01:26:20.789"
"1123","3745","1015","22","2021-04-15 01:26:20.789"
"1124","3749","1015","49","2021-04-15 01:26:20.789"
"1125","3740","1014","29","2021-04-15 01:26:20.789"
"1126","3736","1013","14","2021-04-15 01:26:20.789"
"1127","3769","1029","81","2021-04-15 01:26:20.792"
"1128","3772","1014","23","2021-04-15 01:26:20.797"
"1129","3736","1013","86","2021-04-15 01:26:20.797"
"1130","3736","1013","21","2021-04-15 01:26:20.799"
"1131","3714","1012","158","2021-04-15 01:26:20.799"
"1132","3790","1022","54","2021-04-15 01:26:20.829"
"1133","3788","1023","27","2021-04-15 01:26:20.833"
"1134","3788","1023","61","2021-04-15 01:26:20.838"
"1135","3790","1022","21","2021-04-15 01:26:20.840"
"1136","3806","1021","40","2021-04-15 01:26:20.871"
"1137","3796","1022","3","2021-04-15 01:26:20.871"
"1138","3807","1022","24","2021-04-15 01:26:20.871"
"1139","3785","1024","82","2021-04-15 01:26:20.871"
"1140","3785","1024","32","2021-04-15 01:26:20.873"
"1141","3792","1024","26","2021-04-15 01:26:20.873"
"1142","3810","1023","20","2021-04-15 01:26:20.876"
"1143","3792","1024","114","2021-04-15 01:26:20.876"
"1144","3794","1024","94","2021-04-15 01:26:20.876"
"1145","3814","1023","51","2021-04-15 01:26:20.904"
"1146","3817","1024","16","2021-04-15 01:26:20.904"
"1147","3822","1019","86","2021-04-15 01:26:20.910"
"1148","3831","1023","26","2021-04-15 01:26:20.933"
"1149","3836","1022","30","2021-04-15 01:26:20.935"
"1150","3838","1022","28","2021-04-15 01:26:20.947"
"1151","3842","1022","33","2021-04-15 01:26:20.950"
"1152","3828","1021","22","2021-04-15 01:26:20.950"
"1153","3828","1021","3","2021-04-15 01:26:20.969"
"1154","3832","1021","45","2021-04-15 01:26:20.969"
"1155","3843","1021","34","2021-04-15 01:26:20.969"
"1156","3839","1020","24","2021-04-15 01:26:20.969"
"1157","3848","1020","46","2021-04-15 01:26:20.969"
"1158","3854","1018","24","2021-04-15 01:26:20.984"
"1159","3831","1023","63","2021-04-15 01:26:20.994"
"1160","3831","1023","229","2021-04-15 01:26:20.998"
"1161","3873","1023","64","2021-04-15 01:26:21.018"
"1162","3876","1022","32","2021-04-15 01:26:21.019"
"1163","3878","1022","66","2021-04-15 01:26:21.026"
"1164","3873","1023","101","2021-04-15 01:26:21.026"
"1165","3883","1022","39","2021-04-15 01:26:21.033"
"1166","3885","1022","86","2021-04-15 01:26:21.035"
"1167","3882","1021","30","2021-04-15 01:26:21.035"
"1168","3892","1022","26","2021-04-15 01:26:21.047"
"1169","3892","1022","11","2021-04-15 01:26:21.050"
"1170","3902","1021","28","2021-04-15 01:26:21.069"
"1171","3901","1022","38","2021-04-15 01:26:21.069"
"1172","3873","1023","115","2021-04-15 01:26:21.069"
"1173","3926","1017","39","2021-04-15 01:26:21.132"
"1174","3922","1016","13","2021-04-15 01:26:21.132"
"1175","3945","1018","27","2021-04-15 01:26:21.192"
"1176","3959","1017","49","2021-04-15 01:26:21.250"
"1177","3953","1018","68","2021-04-15 01:26:21.251"
"1178","3961","1018","11","2021-04-15 01:26:21.251"
"1179","3939","1016","33","2021-04-15 01:26:21.269"
"1180","3941","1016","41","2021-04-15 01:26:21.269"
"1181","3970","1016","39","2021-04-15 01:26:21.271"
"1182","3921","1015","33","2021-04-15 01:26:21.272"
"1183","3925","1015","201","2021-04-15 01:26:21.272"
"1184","3963","1015","37","2021-04-15 01:26:21.272"
"1185","3968","1015","132","2021-04-15 01:26:21.272"
"1186","3915","1014","27","2021-04-15 01:26:21.280"
"1187","3938","1014","2","2021-04-15 01:26:21.280"
"1188","3938","1014","20","2021-04-15 01:26:21.282"
"1189","4000","1011","72","2021-04-15 01:26:21.374"
"1190","3996","1010","67","2021-04-15 01:26:21.394"
"1191","4001","1010","28","2021-04-15 01:26:21.394"
"1192","4031","1012","37","2021-04-15 01:26:21.481"
"1193","4045","1009","35","2021-04-15 01:26:21.559"
"1194","4051","1011","39","2021-04-15 01:26:21.617"
"1195","4051","1011","12","2021-04-15 01:26:21.619"
"1196","4066","1011","9","2021-04-15 01:26:21.635"
"1197","4069","1011","231","2021-04-15 01:26:21.638"
"1198","4043","1012","239","2021-04-15 01:26:21.638"
"1199","4056","1012","25","2021-04-15 01:26:21.638"
"1200","4058","1012","25","2021-04-15 01:26:21.638"
"1201","3993","1013","228","2021-04-15 01:26:21.638"
"1202","4072","1012","22","2021-04-15 01:26:21.665"
"1203","4006","1013","26","2021-04-15 01:26:21.680"
"1204","4044","1013","275","2021-04-15 01:26:21.680"
"1205","3976","1014","132","2021-04-15 01:26:21.695"
"1206","4090","1011","23","2021-04-15 01:26:21.716"
"1207","4088","1012","44","2021-04-15 01:26:21.716"
"1208","4087","1013","9","2021-04-15 01:26:21.716"
"1209","4087","1013","28","2021-04-15 01:26:21.718"
"1210","3976","1014","5","2021-04-15 01:26:21.719"
"1211","4024","1014","23","2021-04-15 01:26:21.719"
"1212","4089","1009","73","2021-04-15 01:26:21.752"
"1213","4089","1009","316","2021-04-15 01:26:21.763"
"1214","4103","1012","47","2021-04-15 01:26:21.765"
"1215","4097","1013","10","2021-04-15 01:26:21.765"
"1216","4097","1013","12","2021-04-15 01:26:21.768"
"1217","4024","1014","55","2021-04-15 01:26:21.768"
"1218","4131","1013","46","2021-04-15 01:26:21.859"
"1219","4130","1014","23","2021-04-15 01:26:21.859"
"1220","4126","1011","30","2021-04-15 01:26:21.861"
"1221","4125","1010","81","2021-04-15 01:26:21.861"
"1222","4089","1009","75","2021-04-15 01:26:21.861"
"1223","4137","1010","79","2021-04-15 01:26:21.871"
"1224","4089","1009","206","2021-04-15 01:26:21.871"
"1225","4123","1008","131","2021-04-15 01:26:21.871"
"1226","4132","1014","74","2021-04-15 01:26:21.873"
"1227","3972","1015","235","2021-04-15 01:26:21.873"
"1228","4144","1006","22","2021-04-15 01:26:21.931"
"1229","4148","1005","35","2021-04-15 01:26:21.931"
"1230","4155","1005","34","2021-04-15 01:26:21.931"
"1231","4151","1013","53","2021-04-15 01:26:21.936"
"1232","4161","1007","63","2021-04-15 01:26:21.938"
"1233","4151","1013","18","2021-04-15 01:26:21.940"
"1234","4153","1013","23","2021-04-15 01:26:21.940"
"1235","4146","1014","19","2021-04-15 01:26:21.940"
"1236","4167","1013","60","2021-04-15 01:26:21.949"
"1237","4167","1013","114","2021-04-15 01:26:21.950"
"1238","4186","1008","112","2021-04-15 01:26:22.020"
"1239","4191","1012","22","2021-04-15 01:26:22.048"
"1240","4194","1012","42","2021-04-15 01:26:22.048"
"1241","4182","1013","31","2021-04-15 01:26:22.049"
"1242","4146","1014","12","2021-04-15 01:26:22.049"
"1243","4158","1014","60","2021-04-15 01:26:22.049"
"1244","4159","1014","69","2021-04-15 01:26:22.049"
"1245","4168","1014","24","2021-04-15 01:26:22.049"
"1246","4187","1014","37","2021-04-15 01:26:22.049"
"1247","4189","1014","26","2021-04-15 01:26:22.049"
"1248","3972","1015","70","2021-04-15 01:26:22.049"
"1249","4117","1016","137","2021-04-15 01:26:22.049"
"1250","4196","1007","21","2021-04-15 01:26:22.053"
"1251","4200","1006","21","2021-04-15 01:26:22.053"
"1252","4202","1014","35","2021-04-15 01:26:22.061"
"1253","4215","1015","25","2021-04-15 01:26:22.096"
"1254","4117","1016","26","2021-04-15 01:26:22.111"
"1255","4220","1015","28","2021-04-15 01:26:22.169"
"1256","4216","1014","23","2021-04-15 01:26:22.169"
"1257","4216","1014","2","2021-04-15 01:26:22.265"
"1258","4218","1014","29","2021-04-15 01:26:22.265"
"1259","4227","1014","38","2021-04-15 01:26:22.265"
"1260","4228","1014","35","2021-04-15 01:26:22.265"
"1261","4211","1013","31","2021-04-15 01:26:22.265"
"1262","4241","1013","30","2021-04-15 01:26:22.265"
"1263","4242","1013","31","2021-04-15 01:26:22.265"
"1264","4210","1012","20","2021-04-15 01:26:22.265"
"1265","4210","1012","1","2021-04-15 01:26:22.273"
"1266","4213","1012","124","2021-04-15 01:26:22.273"
"1267","4262","1014","37","2021-04-15 01:26:22.321"
"1268","4266","1014","34","2021-04-15 01:26:22.328"
"1269","4265","1015","19","2021-04-15 01:26:22.328"
"1270","4273","1013","55","2021-04-15 01:26:22.346"
"1271","4273","1013","7","2021-04-15 01:26:22.355"
"1272","4285","1013","20","2021-04-15 01:26:22.378"
"1273","4272","1014","46","2021-04-15 01:26:22.378"
"1274","4272","1014","173","2021-04-15 01:26:22.384"
"1275","4275","1014","28","2021-04-15 01:26:22.384"
"1276","4296","1011","35","2021-04-15 01:26:22.397"
"1277","4294","1012","38","2021-04-15 01:26:22.397"
"1278","4291","1013","7","2021-04-15 01:26:22.397"
"1279","4293","1007","29","2021-04-15 01:26:22.398"
"1280","4308","1011","76","2021-04-15 01:26:22.441"
"1281","4305","1012","4","2021-04-15 01:26:22.441"
"1282","4312","1002","140","2021-04-15 01:26:22.455"
"1283","4319","1009","34","2021-04-15 01:26:22.488"
"1284","4336","1006","67","2021-04-15 01:26:22.526"
"1285","4345","1007","20","2021-04-15 01:26:22.540"
"1286","4336","1006","9","2021-04-15 01:26:22.540"
"1287","4346","1006","24","2021-04-15 01:26:22.540"
"1288","4347","1006","47","2021-04-15 01:26:22.540"
"1289","4348","1006","70","2021-04-15 01:26:22.540"
"1290","4344","1010","107","2021-04-15 01:26:22.542"
"1291","4343","1011","27","2021-04-15 01:26:22.542"
"1292","4349","1011","22","2021-04-15 01:26:22.542"
"1293","4340","1012","102","2021-04-15 01:26:22.542"
"1294","4310","1013","38","2021-04-15 01:26:22.542"
"1295","4321","1013","22","2021-04-15 01:26:22.542"
"1296","4275","1014","21","2021-04-15 01:26:22.542"
"1297","4292","1014","26","2021-04-15 01:26:22.542"
"1298","4265","1015","6","2021-04-15 01:26:22.542"
"1299","4258","1016","29","2021-04-15 01:26:22.542"
"1300","4369","1005","39","2021-04-15 01:26:22.580"
"1301","4368","1004","48","2021-04-15 01:26:22.580"
"1302","4364","1003","126","2021-04-15 01:26:22.580"
"1303","4367","1002","26","2021-04-15 01:26:22.581"
"1304","4363","1009","157","2021-04-15 01:26:22.680"
"1305","4388","1001","124","2021-04-15 01:26:22.723"
"1306","4403","1001","26","2021-04-15 01:26:22.723"
"1307","4387","1000","274","2021-04-15 01:26:22.723"
"1308","4384","999","34","2021-04-15 01:26:22.743"
"1309","4375","998","16","2021-04-15 01:26:22.743"
"1310","4375","998","14","2021-04-15 01:26:22.765"
"1311","4415","997","42","2021-04-15 01:26:22.765"
"1312","4418","997","26","2021-04-15 01:26:22.765"
"1313","4428","1006","50","2021-04-15 01:26:22.813"
"1314","4414","1007","60","2021-04-15 01:26:22.813"
"1315","4363","1009","5","2021-04-15 01:26:22.813"
"1316","4435","1008","26","2021-04-15 01:26:22.820"
"1317","4363","1009","36","2021-04-15 01:26:22.820"
"1318","4378","1009","32","2021-04-15 01:26:22.844"
"1319","4437","1009","37","2021-04-15 01:26:22.844"
"1320","4451","1006","30","2021-04-15 01:26:22.869"
"1321","4431","1005","25","2021-04-15 01:26:22.869"
"1322","4443","1004","18","2021-04-15 01:26:22.869"
"1323","4462","1006","32","2021-04-15 01:26:22.898"
"1324","4456","1007","55","2021-04-15 01:26:22.900"
"1325","4449","1008","14","2021-04-15 01:26:22.900"
"1326","4361","1011","24","2021-04-15 01:26:22.931"
"1327","4473","1011","33","2021-04-15 01:26:22.931"
"1328","4474","1011","14","2021-04-15 01:26:22.931"
"1329","4486","1009","20","2021-04-15 01:26:22.974"
"1330","4482","1008","21","2021-04-15 01:26:22.975"
"1331","4475","1007","26","2021-04-15 01:26:22.975"
"1332","4495","1008","30","2021-04-15 01:26:22.995"
"1333","4485","1007","21","2021-04-15 01:26:22.995"
"1334","4485","1007","25","2021-04-15 01:26:23.046"
"1335","4496","1007","29","2021-04-15 01:26:23.046"
"1336","4492","1006","12","2021-04-15 01:26:23.046"
"1337","4490","1013","36","2021-04-15 01:26:23.054"
"1338","4494","1013","25","2021-04-15 01:26:23.054"
"1339","4514","1007","22","2021-04-15 01:26:23.059"
"1340","4492","1006","8","2021-04-15 01:26:23.059"
"1341","4500","1006","21","2021-04-15 01:26:23.059"
"1342","4517","1015","79","2021-04-15 01:26:23.063"
"1343","4521","1007","22","2021-04-15 01:26:23.073"
"1344","4472","1005","66","2021-04-15 01:26:23.073"
"1345","4510","1005","24","2021-04-15 01:26:23.073"
"1346","4447","1004","33","2021-04-15 01:26:23.073"
"1347","4525","1014","75","2021-04-15 01:26:23.077"
"1348","4525","1014","213","2021-04-15 01:26:23.082"
"1349","4525","1014","19","2021-04-15 01:26:23.104"
"1350","4520","1015","33","2021-04-15 01:26:23.104"
"1351","4533","1006","21","2021-04-15 01:26:23.106"
"1352","4528","1005","35","2021-04-15 01:26:23.106"
"1353","4534","1005","26","2021-04-15 01:26:23.106"
"1354","4447","1004","49","2021-04-15 01:26:23.106"
"1355","4542","1005","20","2021-04-15 01:26:23.112"
"1356","4546","1009","43","2021-04-15 01:26:23.118"
"1357","4550","1007","26","2021-04-15 01:26:23.135"
"1358","4554","1006","86","2021-04-15 01:26:23.135"
"1359","4552","1010","43","2021-04-15 01:26:23.151"
"1360","4558","1011","29","2021-04-15 01:26:23.151"
"1361","4559","1007","87","2021-04-15 01:26:23.175"
"1362","4559","1007","9","2021-04-15 01:26:23.177"
"1363","4582","1006","86","2021-04-15 01:26:23.217"
"1364","4582","1006","66","2021-04-15 01:26:23.219"
"1365","4588","1005","56","2021-04-15 01:26:23.230"
"1366","4601","1008","43","2021-04-15 01:26:23.249"
"1367","4602","1009","8","2021-04-15 01:26:23.249"
"1368","4612","1006","23","2021-04-15 01:26:23.286"
"1369","4588","1005","30","2021-04-15 01:26:23.286"
"1370","4615","1008","80","2021-04-15 01:26:23.292"
"1371","4621","1007","23","2021-04-15 01:26:23.319"
"1372","4615","1008","105","2021-04-15 01:26:23.319"
"1373","4615","1008","44","2021-04-15 01:26:23.323"
"1374","4605","1009","7","2021-04-15 01:26:23.323"
"1375","4617","1006","31","2021-04-15 01:26:23.326"
"1376","4588","1005","31","2021-04-15 01:26:23.326"
"1377","4619","1005","25","2021-04-15 01:26:23.326"
"1378","4624","1005","16","2021-04-15 01:26:23.326"
"1379","4633","1009","26","2021-04-15 01:26:23.368"
"1380","4635","1010","51","2021-04-15 01:26:23.368"
"1381","4636","1010","18","2021-04-15 01:26:23.368"
"1382","4646","1007","64","2021-04-15 01:26:23.374"
"1383","4643","1006","32","2021-04-15 01:26:23.405"
"1384","4641","1005","32","2021-04-15 01:26:23.405"
"1385","4660","1006","104","2021-04-15 01:26:23.411"
"1386","4641","1005","82","2021-04-15 01:26:23.411"
"1387","4641","1005","74","2021-04-15 01:26:23.418"
"1388","4641","1005","64","2021-04-15 01:26:23.422"
"1389","4666","1008","89","2021-04-15 01:26:23.423"
"1390","4641","1005","64","2021-04-15 01:26:23.448"
"1391","4641","1005","61","2021-04-15 01:26:23.451"
"1392","4676","1006","24","2021-04-15 01:26:23.452"
"1393","4674","1007","25","2021-04-15 01:26:23.452"
"1394","4672","1008","29","2021-04-15 01:26:23.452"
"1395","4641","1005","81","2021-04-15 01:26:23.480"
"1396","4689","1006","25","2021-04-15 01:26:23.490"
"1397","4672","1008","17","2021-04-15 01:26:23.530"
"1398","4663","1009","56","2021-04-15 01:26:23.530"
"1399","4650","1010","107","2021-04-15 01:26:23.530"
"1400","4709","1007","27","2021-04-15 01:26:23.546"
"1401","4705","1006","22","2021-04-15 01:26:23.546"
"1402","4691","1005","31","2021-04-15 01:26:23.546"
"1403","4698","1005","35","2021-04-15 01:26:23.546"
"1404","4707","1005","140","2021-04-15 01:26:23.546"
"1405","4708","1005","100","2021-04-15 01:26:23.546"
"1406","4680","1004","39","2021-04-15 01:26:23.546"
"1407","4687","1004","133","2021-04-15 01:26:23.546"
"1408","4695","1004","37","2021-04-15 01:26:23.546"
"1409","4650","1010","202","2021-04-15 01:26:23.583"
"1410","4652","1010","109","2021-04-15 01:26:23.646"
"1411","4752","1003","23","2021-04-15 01:26:23.668"
"1412","4756","1006","106","2021-04-15 01:26:23.679"
"1413","4744","1001","53","2021-04-15 01:26:23.682"
"1414","4759","1000","60","2021-04-15 01:26:23.691"
"1415","4721","999","22","2021-04-15 01:26:23.691"
"1416","4721","999","1","2021-04-15 01:26:23.697"
"1417","4743","999","34","2021-04-15 01:26:23.697"
"1418","4764","998","66","2021-04-15 01:26:23.697"
"1419","4767","1009","41","2021-04-15 01:26:23.706"
"1420","4760","1010","31","2021-04-15 01:26:23.707"
"1421","4764","998","79","2021-04-15 01:26:23.708"
"1422","4775","1004","207","2021-04-15 01:26:23.727"
"1423","4773","1005","27","2021-04-15 01:26:23.727"
"1424","4782","1002","30","2021-04-15 01:26:23.755"
"1425","4780","1003","32","2021-04-15 01:26:23.756"
"1426","4789","1003","7","2021-04-15 01:26:23.756"
"1427","4789","1003","23","2021-04-15 01:26:23.758"
"1428","4802","1001","28","2021-04-15 01:26:23.784"
"1429","4795","1002","36","2021-04-15 01:26:23.784"
"1430","4794","997","104","2021-04-15 01:26:23.796"
"1431","4811","1004","39","2021-04-15 01:26:23.816"
"1432","4809","1005","22","2021-04-15 01:26:23.816"
"1433","4812","1005","64","2021-04-15 01:26:23.816"
"1434","4818","1004","21","2021-04-15 01:26:23.821"
"1435","4818","1004","57","2021-04-15 01:26:23.822"
"1436","4828","995","85","2021-04-15 01:26:23.845"
"1437","4844","1001","47","2021-04-15 01:26:23.878"
"1438","4842","1002","12","2021-04-15 01:26:23.878"
"1439","4843","997","103","2021-04-15 01:26:23.884"
"1440","4836","996","49","2021-04-15 01:26:23.884"
"1441","4857","1000","21","2021-04-15 01:26:23.908"
"1442","4856","1001","77","2021-04-15 01:26:23.908"
"1443","4853","1002","42","2021-04-15 01:26:23.908"
"1444","4873","996","61","2021-04-15 01:26:23.954"
"1445","4852","995","46","2021-04-15 01:26:23.954"
"1446","4852","995","3","2021-04-15 01:26:23.962"
"1447","4867","995","61","2021-04-15 01:26:23.962"
"1448","4868","1000","45","2021-04-15 01:26:23.985"
"1449","4860","1001","37","2021-04-15 01:26:23.985"
"1450","4882","1001","13","2021-04-15 01:26:23.985"
"1451","4882","1001","25","2021-04-15 01:26:23.993"
"1452","4853","1002","101","2021-04-15 01:26:23.993"
"1453","4863","1002","7","2021-04-15 01:26:23.993"
"1454","4901","999","20","2021-04-15 01:26:24.032"
"1455","4900","1000","30","2021-04-15 01:26:24.032"
"1456","4893","1001","27","2021-04-15 01:26:24.032"
"1457","4893","1001","16","2021-04-15 01:26:24.036"
"1458","4863","1002","17","2021-04-15 01:26:24.036"
"1459","4848","1003","22","2021-04-15 01:26:24.036"
"1460","4898","997","88","2021-04-15 01:26:24.048"
"1461","4908","1001","116","2021-04-15 01:26:24.080"
"1462","4917","1001","2","2021-04-15 01:26:24.080"
"1463","4905","1002","25","2021-04-15 01:26:24.090"
"1464","4848","1003","10","2021-04-15 01:26:24.090"
"1465","4922","1003","39","2021-04-15 01:26:24.090"
"1466","4839","1005","33","2021-04-15 01:26:24.090"
"1467","4840","1005","24","2021-04-15 01:26:24.090"
"1468","4928","999","38","2021-04-15 01:26:24.108"
"1469","4921","998","48","2021-04-15 01:26:24.108"
"1470","4906","997","27","2021-04-15 01:26:24.108"
"1471","4925","997","8","2021-04-15 01:26:24.108"
"1472","4930","998","46","2021-04-15 01:26:24.112"
"1473","4925","997","10","2021-04-15 01:26:24.112"
"1474","4933","998","40","2021-04-15 01:26:24.116"
"1475","4925","997","14","2021-04-15 01:26:24.116"
"1476","4910","996","26","2021-04-15 01:26:24.116"
"1477","4913","996","95","2021-04-15 01:26:24.116"
"1478","4914","996","47","2021-04-15 01:26:24.116"
"1479","4867","995","38","2021-04-15 01:26:24.116"
"1480","4895","995","90","2021-04-15 01:26:24.116"
"1481","4897","995","42","2021-04-15 01:26:24.116"
"1482","4883","994","24","2021-04-15 01:26:24.116"
"1483","4941","997","21","2021-04-15 01:26:24.142"
"1484","4940","996","31","2021-04-15 01:26:24.142"
"1485","4949","1004","36","2021-04-15 01:26:24.155"
"1486","4948","1005","25","2021-04-15 01:26:24.155"
"1487","4938","995","49","2021-04-15 01:26:24.161"
"1488","4955","1003","42","2021-04-15 01:26:24.167"
"1489","4967","989","119","2021-04-15 01:26:24.218"
"1490","4989","990","138","2021-04-15 01:26:24.266"
"1491","4997","998","27","2021-04-15 01:26:24.297"
"1492","4993","999","22","2021-04-15 01:26:24.297"
"1493","4996","1000","22","2021-04-15 01:26:24.297"
"1494","4996","1000","70","2021-04-15 01:26:24.316"
"1495","5012","1001","23","2021-04-15 01:26:24.316"
"1496","5023","997","36","2021-04-15 01:26:24.346"
"1497","5039","1000","30","2021-04-15 01:26:24.401"
"1498","5013","1001","25","2021-04-15 01:26:24.401"
"1499","5014","1001","53","2021-04-15 01:26:24.401"
"1500","5015","1001","5","2021-04-15 01:26:24.401"
"1501","5015","1001","54","2021-04-15 01:26:24.412"
"1502","5016","1001","15","2021-04-15 01:26:24.412"
"1503","5052","1000","23","2021-04-15 01:26:24.427"
"1504","5016","1001","20","2021-04-15 01:26:24.427"
"1505","5043","1001","18","2021-04-15 01:26:24.427"
"1506","5040","997","28","2021-04-15 01:26:24.447"
"1507","5061","1000","29","2021-04-15 01:26:24.481"
"1508","5043","1001","3","2021-04-15 01:26:24.481"
"1509","5044","1001","36","2021-04-15 01:26:24.481"
"1510","5053","1001","34","2021-04-15 01:26:24.481"
"1511","5073","1001","8","2021-04-15 01:26:24.481"
"1512","5079","1000","23","2021-04-15 01:26:24.486"
"1513","5073","1001","21","2021-04-15 01:26:24.486"
"1514","5037","1002","49","2021-04-15 01:26:24.486"
"1515","5104","997","110","2021-04-15 01:26:24.588"
"1516","5094","996","29","2021-04-15 01:26:24.602"
"1517","5110","996","33","2021-04-15 01:26:24.602"
"1518","5110","996","17","2021-04-15 01:26:24.603"
"1519","5086","995","32","2021-04-15 01:26:24.603"
"1520","5106","1001","58","2021-04-15 01:26:24.608"
"1521","5037","1002","5","2021-04-15 01:26:24.608"
"1522","5059","1002","7","2021-04-15 01:26:24.608"
"1523","5125","1001","23","2021-04-15 01:26:24.640"
"1524","5129","1001","89","2021-04-15 01:26:24.641"
"1525","5129","1001","194","2021-04-15 01:26:24.649"
"1526","5116","1000","37","2021-04-15 01:26:24.649"
"1527","5059","1002","169","2021-04-15 01:26:24.674"
"1528","5096","1002","36","2021-04-15 01:26:24.674"
"1529","5108","1002","49","2021-04-15 01:26:24.674"
"1530","5109","1002","169","2021-04-15 01:26:24.674"
"1531","5112","1002","20","2021-04-15 01:26:24.674"
"1532","5088","1003","29","2021-04-15 01:26:24.674"
"1533","5132","1003","127","2021-04-15 01:26:24.674"
"1534","5135","1003","39","2021-04-15 01:26:24.674"
"1535","5138","1003","239","2021-04-15 01:26:24.674"
"1536","5140","1003","25","2021-04-15 01:26:24.674"
"1537","5141","1003","22","2021-04-15 01:26:24.674"
"1538","5142","996","380","2021-04-15 01:26:24.679"
"1539","5139","995","90","2021-04-15 01:26:24.679"
"1540","5149","996","25","2021-04-15 01:26:24.703"
"1541","5139","995","87","2021-04-15 01:26:24.703"
"1542","5155","996","90","2021-04-15 01:26:24.707"
"1543","5164","1003","30","2021-04-15 01:26:24.739"
"1544","5161","1004","49","2021-04-15 01:26:24.739"
"1545","5161","1004","9","2021-04-15 01:26:24.743"
"1546","5159","1005","36","2021-04-15 01:26:24.743"
"1547","5168","999","59","2021-04-15 01:26:24.752"
"1548","5162","998","69","2021-04-15 01:26:24.752"
"1549","5160","997","40","2021-04-15 01:26:24.752"
"1550","5166","997","26","2021-04-15 01:26:24.752"
"1551","5191","1000","32","2021-04-15 01:26:24.805"
"1552","5176","999","22","2021-04-15 01:26:24.824"
"1553","5174","998","102","2021-04-15 01:26:24.826"
"1554","5195","1000","29","2021-04-15 01:26:24.833"
"1555","5190","1001","37","2021-04-15 01:26:24.833"
"1556","5184","1002","34","2021-04-15 01:26:24.833"
"1557","5181","1003","36","2021-04-15 01:26:24.833"
"1558","5186","1003","71","2021-04-15 01:26:24.833"
"1559","5179","1005","85","2021-04-15 01:26:24.833"
"1560","5208","998","37","2021-04-15 01:26:24.871"
"1561","5166","997","13","2021-04-15 01:26:24.871"
"1562","5225","998","25","2021-04-15 01:26:24.931"
"1563","5175","997","37","2021-04-15 01:26:24.931"
"1564","5218","996","33","2021-04-15 01:26:24.931"
"1565","5219","996","79","2021-04-15 01:26:24.931"
"1566","5226","1004","47","2021-04-15 01:26:24.942"
"1567","5222","1005","29","2021-04-15 01:26:24.942"
"1568","5222","1005","51","2021-04-15 01:26:24.967"
"1569","5246","1003","24","2021-04-15 01:26:24.985"
"1570","5236","1002","21","2021-04-15 01:26:25.008"
"1571","5252","1002","16","2021-04-15 01:26:25.022"
"1572","5257","1002","21","2021-04-15 01:26:25.024"
"1573","5257","1002","21","2021-04-15 01:26:25.026"
"1574","5246","1003","2","2021-04-15 01:26:25.027"
"1575","5243","1004","97","2021-04-15 01:26:25.027"
"1576","5249","1004","22","2021-04-15 01:26:25.027"
"1577","5250","1004","78","2021-04-15 01:26:25.027"
"1578","5222","1005","232","2021-04-15 01:26:25.027"
"1579","5210","1006","36","2021-04-15 01:26:25.027"
"1580","5212","1006","23","2021-04-15 01:26:25.027"
"1581","5223","1006","43","2021-04-15 01:26:25.027"
"1582","5224","1006","27","2021-04-15 01:26:25.027"
"1583","5206","1007","72","2021-04-15 01:26:25.027"
"1584","5216","1007","45","2021-04-15 01:26:25.027"
"1585","5269","1010","62","2021-04-15 01:26:25.055"
"1586","5261","1011","51","2021-04-15 01:26:25.055"
"1587","5261","1011","53","2021-04-15 01:26:25.063"
"1588","5286","1009","50","2021-04-15 01:26:25.103"
"1589","5290","1006","96","2021-04-15 01:26:25.108"
"1590","5294","1008","34","2021-04-15 01:26:25.160"
"1591","5286","1009","103","2021-04-15 01:26:25.160"
"1592","5295","1009","21","2021-04-15 01:26:25.160"
"1593","5298","1009","112","2021-04-15 01:26:25.160"
"1594","5305","1008","48","2021-04-15 01:26:25.166"
"1595","5304","1009","41","2021-04-15 01:26:25.168"
"1596","5306","1008","3","2021-04-15 01:26:25.189"
"1597","5302","1007","28","2021-04-15 01:26:25.189"
"1598","5297","1006","24","2021-04-15 01:26:25.189"
"1599","5289","1005","13","2021-04-15 01:26:25.189"
"1600","5308","1010","28","2021-04-15 01:26:25.197"
"1601","5289","1005","87","2021-04-15 01:26:25.204"
"1602","5326","1006","59","2021-04-15 01:26:25.217"
"1603","5329","1013","55","2021-04-15 01:26:25.222"
"1604","5328","1014","20","2021-04-15 01:26:25.222"
"1605","5325","1015","24","2021-04-15 01:26:25.222"
"1606","5326","1006","25","2021-04-15 01:26:25.228"
"1607","5289","1005","36","2021-04-15 01:26:25.228"
"1608","5334","1007","20","2021-04-15 01:26:25.239"
"1609","5336","1006","49","2021-04-15 01:26:25.241"
"1610","5336","1006","18","2021-04-15 01:26:25.243"
"1611","5341","1006","36","2021-04-15 01:26:25.252"
"1612","5334","1007","59","2021-04-15 01:26:25.252"
"1613","5331","1008","81","2021-04-15 01:26:25.252"
"1614","5289","1005","41","2021-04-15 01:26:25.266"
"1615","5299","1005","34","2021-04-15 01:26:25.266"
"1616","5299","1005","6","2021-04-15 01:26:25.285"
"1617","5300","1005","43","2021-04-15 01:26:25.285"
"1618","5279","1004","4","2021-04-15 01:26:25.285"
"1619","5361","1005","74","2021-04-15 01:26:25.318"
"1620","5374","1008","36","2021-04-15 01:26:25.341"
"1621","5377","1008","49","2021-04-15 01:26:25.359"
"1622","5373","1009","8","2021-04-15 01:26:25.359"
"1623","5381","1008","20","2021-04-15 01:26:25.363"
"1624","5382","1008","43","2021-04-15 01:26:25.374"
"1625","5382","1008","240","2021-04-15 01:26:25.375"
"1626","5385","1008","102","2021-04-15 01:26:25.377"
"1627","5373","1009","15","2021-04-15 01:26:25.380"
"1628","5385","1008","50","2021-04-15 01:26:25.387"
"1629","5385","1008","19","2021-04-15 01:26:25.388"
"1630","5368","1007","138","2021-04-15 01:26:25.388"
"1631","5400","1008","60","2021-04-15 01:26:25.538"
"1632","5368","1007","29","2021-04-15 01:26:25.538"
"1633","5368","1007","37","2021-04-15 01:26:25.542"
"1634","5368","1007","50","2021-04-15 01:26:25.551"
"1635","5368","1007","101","2021-04-15 01:26:25.552"
"1636","5413","1008","130","2021-04-15 01:26:25.554"
"1637","5387","1007","176","2021-04-15 01:26:25.573"
"1638","5387","1007","31","2021-04-15 01:26:25.626"
"1639","5367","1006","26","2021-04-15 01:26:25.626"
"1640","5361","1005","13","2021-04-15 01:26:25.626"
"1641","5315","1004","9","2021-04-15 01:26:25.626"
"1642","5445","1006","49","2021-04-15 01:26:25.664"
"1643","5443","1005","25","2021-04-15 01:26:25.664"
"1644","5320","1004","39","2021-04-15 01:26:25.664"
"1645","5444","1004","135","2021-04-15 01:26:25.664"
"1646","5275","1002","36","2021-04-15 01:26:25.664"
"1647","5276","1002","514","2021-04-15 01:26:25.664"
"1648","5256","1000","23","2021-04-15 01:26:25.664"
"1649","5435","1009","36","2021-04-15 01:26:25.667"
"1650","5404","1010","85","2021-04-15 01:26:25.667"
"1651","5460","1009","32","2021-04-15 01:26:25.711"
"1652","5404","1010","45","2021-04-15 01:26:25.711"
"1653","5404","1010","231","2021-04-15 01:26:25.723"
"1654","5426","1010","23","2021-04-15 01:26:25.723"
"1655","5464","1011","58","2021-04-15 01:26:25.723"
"1656","5348","1012","21","2021-04-15 01:26:25.723"
"1657","5470","1016","62","2021-04-15 01:26:25.730"
"1658","5473","1010","73","2021-04-15 01:26:25.735"
"1659","5475","1013","24","2021-04-15 01:26:25.743"
"1660","5481","1012","30","2021-04-15 01:26:25.753"
"1661","5522","1008","62","2021-04-15 01:26:25.841"
"1662","5522","1008","17","2021-04-15 01:26:25.843"
"1663","5528","1008","60","2021-04-15 01:26:25.869"
"1664","5545","1009","125","2021-04-15 01:26:25.893"
"1665","5552","1009","26","2021-04-15 01:26:25.990"
"1666","5556","1009","26","2021-04-15 01:26:25.990"
"1667","5531","1015","26","2021-04-15 01:26:25.992"
"1668","5534","1015","75","2021-04-15 01:26:25.992"
"1669","5566","1015","23","2021-04-15 01:26:25.992"
"1670","5543","1016","25","2021-04-15 01:26:25.992"
"1671","5543","1016","37","2021-04-15 01:26:25.996"
"1672","5551","1016","40","2021-04-15 01:26:25.996"
"1673","5553","1016","2","2021-04-15 01:26:25.996"
"1674","5559","1016","129","2021-04-15 01:26:26.028"
"1675","5601","1015","53","2021-04-15 01:26:26.070"
"1676","5605","1014","21","2021-04-15 01:26:26.073"
"1677","5601","1015","7","2021-04-15 01:26:26.073"
"1678","5595","1016","25","2021-04-15 01:26:26.073"
"1679","5602","1016","12","2021-04-15 01:26:26.073"
"1680","5598","1007","21","2021-04-15 01:26:26.079"
"1681","5602","1016","37","2021-04-15 01:26:26.092"
"1682","5529","1017","55","2021-04-15 01:26:26.092"
"1683","5580","1017","8","2021-04-15 01:26:26.092"
"1684","5628","1011","33","2021-04-15 01:26:26.117"
"1685","5627","1010","21","2021-04-15 01:26:26.117"
"1686","5622","1015","64","2021-04-15 01:26:26.119"
"1687","5627","1010","47","2021-04-15 01:26:26.130"
"1688","5632","1009","33","2021-04-15 01:26:26.130"
"1689","5631","1014","99","2021-04-15 01:26:26.133"
"1690","5638","1013","25","2021-04-15 01:26:26.144"
"1691","5631","1014","92","2021-04-15 01:26:26.144"
"1692","5622","1015","118","2021-04-15 01:26:26.144"
"1693","5622","1015","72","2021-04-15 01:26:26.152"
"1694","5649","1006","26","2021-04-15 01:26:26.189"
"1695","5637","1015","51","2021-04-15 01:26:26.192"
"1696","5641","1016","24","2021-04-15 01:26:26.192"
"1697","5642","1016","459","2021-04-15 01:26:26.192"
"1698","5583","1017","48","2021-04-15 01:26:26.192"
"1699","5616","1018","25","2021-04-15 01:26:26.192"
"1700","5658","1001","22","2021-04-15 01:26:26.205"
"1701","5669","1010","52","2021-04-15 01:26:26.216"
"1702","5676","1014","38","2021-04-15 01:26:26.232"
"1703","5674","1004","59","2021-04-15 01:26:26.239"
"1704","5673","1003","23","2021-04-15 01:26:26.239"
"1705","5681","1001","28","2021-04-15 01:26:26.255"
"1706","5692","1005","32","2021-04-15 01:26:26.271"
"1707","5695","1006","23","2021-04-15 01:26:26.271"
"1708","5699","1008","44","2021-04-15 01:26:26.280"
"1709","5697","1009","41","2021-04-15 01:26:26.280"
"1710","5705","998","29","2021-04-15 01:26:26.308"
"1711","5710","997","35","2021-04-15 01:26:26.308"
"1712","5717","998","28","2021-04-15 01:26:26.311"
"1713","5710","997","14","2021-04-15 01:26:26.311"
"1714","5714","997","10","2021-04-15 01:26:26.311"
"1715","5727","1003","31","2021-04-15 01:26:26.344"
"1716","5720","1004","33","2021-04-15 01:26:26.344"
"1717","5737","1003","42","2021-04-15 01:26:26.375"
"1718","5720","1004","44","2021-04-15 01:26:26.375"
"1719","5754","1004","60","2021-04-15 01:26:26.409"
"1720","5753","1001","33","2021-04-15 01:26:26.411"
"1721","5751","1000","21","2021-04-15 01:26:26.411"
"1722","5726","1005","25","2021-04-15 01:26:26.427"
"1723","5763","1007","34","2021-04-15 01:26:26.438"
"1724","5751","1000","5","2021-04-15 01:26:26.443"
"1725","5747","999","33","2021-04-15 01:26:26.443"
"1726","5764","999","43","2021-04-15 01:26:26.443"
"1727","5744","998","38","2021-04-15 01:26:26.443"
"1728","5722","997","72","2021-04-15 01:26:26.443"
"1729","5736","997","129","2021-04-15 01:26:26.443"
"1730","5736","997","343","2021-04-15 01:26:26.450"
"1731","5769","1001","21","2021-04-15 01:26:26.455"
"1732","5777","1006","34","2021-04-15 01:26:26.466"
"1733","5785","1005","23","2021-04-15 01:26:26.508"
"1734","5783","1000","34","2021-04-15 01:26:26.513"
"1735","5793","999","97","2021-04-15 01:26:26.513"
"1736","5813","1009","27","2021-04-15 01:26:26.557"
"1737","5807","1010","21","2021-04-15 01:26:26.557"
"1738","5801","1011","15","2021-04-15 01:26:26.557"
"1739","5801","1011","13","2021-04-15 01:26:26.563"
"1740","5810","1011","20","2021-04-15 01:26:26.563"
"1741","5803","1012","56","2021-04-15 01:26:26.563"
"1742","5820","1005","67","2021-04-15 01:26:26.586"
"1743","5808","1004","14","2021-04-15 01:26:26.586"
"1744","5827","1005","48","2021-04-15 01:26:26.616"
"1745","5808","1004","69","2021-04-15 01:26:26.616"
"1746","5832","1004","23","2021-04-15 01:26:26.616"
"1747","5833","1004","21","2021-04-15 01:26:26.616"
"1748","5833","1004","30","2021-04-15 01:26:26.639"
"1749","5837","1003","25","2021-04-15 01:26:26.639"
"1750","5844","1011","50","2021-04-15 01:26:26.669"
"1751","5842","1012","38","2021-04-15 01:26:26.669"
"1752","5817","1013","65","2021-04-15 01:26:26.669"
"1753","5836","1014","32","2021-04-15 01:26:26.669"
"1754","5863","1015","35","2021-04-15 01:26:26.739"
"1755","5873","1016","52","2021-04-15 01:26:26.739"
"1756","5867","1010","66","2021-04-15 01:26:26.794"
"1757","5881","1010","45","2021-04-15 01:26:26.794"
"1758","5869","1009","65","2021-04-15 01:26:26.796"
"1759","5869","1009","25","2021-04-15 01:26:26.797"
"1760","5895","1010","25","2021-04-15 01:26:26.810"
"1761","5869","1009","7","2021-04-15 01:26:26.811"
"1762","5897","1009","24","2021-04-15 01:26:26.814"
"1763","5895","1010","59","2021-04-15 01:26:26.814"
"1764","5889","1011","51","2021-04-15 01:26:26.814"
"1765","5886","1013","34","2021-04-15 01:26:26.814"
"1766","5900","1000","26","2021-04-15 01:26:26.821"
"1767","5900","1000","15","2021-04-15 01:26:26.825"
"1768","5902","1001","55","2021-04-15 01:26:26.838"
"1769","5919","990","28","2021-04-15 01:26:26.872"
"1770","5917","989","23","2021-04-15 01:26:26.872"
"1771","5920","989","23","2021-04-15 01:26:26.872"
"1772","5921","989","107","2021-04-15 01:26:26.872"
"1773","5935","997","44","2021-04-15 01:26:26.903"
"1774","5930","996","39","2021-04-15 01:26:26.903"
"1775","5929","995","33","2021-04-15 01:26:26.903"
"1776","5932","995","27","2021-04-15 01:26:26.903"
"1777","5933","995","16","2021-04-15 01:26:26.903"
"1778","5948","990","22","2021-04-15 01:26:26.984"
"1779","5951","989","20","2021-04-15 01:26:26.984"
"1780","5953","989","29","2021-04-15 01:26:26.984"
"1781","5957","989","6","2021-04-15 01:26:26.984"
"1782","5952","996","45","2021-04-15 01:26:26.986"
"1783","5947","997","6","2021-04-15 01:26:26.986"
"1784","5966","996","25","2021-04-15 01:26:26.999"
"1785","5947","997","82","2021-04-15 01:26:26.999"
"1786","5958","997","20","2021-04-15 01:26:26.999"
"1787","5960","997","12","2021-04-15 01:26:26.999"
"1788","5960","997","23","2021-04-15 01:26:27.010"
"1789","5968","997","34","2021-04-15 01:26:27.010"
"1790","5945","998","21","2021-04-15 01:26:27.010"
"1791","5927","999","5","2021-04-15 01:26:27.010"
"1792","5983","991","124","2021-04-15 01:26:27.059"
"1793","5965","990","17","2021-04-15 01:26:27.059"
"1794","5965","990","18","2021-04-15 01:26:27.072"
"1795","5957","989","67","2021-04-15 01:26:27.072"
"1796","5961","989","31","2021-04-15 01:26:27.072"
"1797","5993","997","114","2021-04-15 01:26:27.093"
"1798","5994","998","51","2021-04-15 01:26:27.120"
"1799","6005","993","37","2021-04-15 01:26:27.158"
"1800","6006","992","40","2021-04-15 01:26:27.158"
"1801","6020","993","21","2021-04-15 01:26:27.192"
"1802","6006","992","70","2021-04-15 01:26:27.198"
"1803","6037","993","35","2021-04-15 01:26:27.247"
"1804","6042","990","37","2021-04-15 01:26:27.293"
"1805","6066","991","75","2021-04-15 01:26:27.330"
"1806","6059","992","21","2021-04-15 01:26:27.330"
"1807","6059","992","108","2021-04-15 01:26:27.340"
"1808","6067","992","62","2021-04-15 01:26:27.340"
"1809","6064","993","29","2021-04-15 01:26:27.340"
"1810","6065","993","24","2021-04-15 01:26:27.340"
"1811","6074","992","26","2021-04-15 01:26:27.361"
"1812","6065","993","37","2021-04-15 01:26:27.361"
"1813","6081","992","56","2021-04-15 01:26:27.368"
"1814","6063","988","565","2021-04-15 01:26:27.418"
"1815","6069","988","73","2021-04-15 01:26:27.418"
"1816","6089","987","16","2021-04-15 01:26:27.418"
"1817","6101","988","27","2021-04-15 01:26:27.462"
"1818","6101","988","1","2021-04-15 01:26:27.463"
"1819","6089","987","21","2021-04-15 01:26:27.468"
"1820","6090","987","28","2021-04-15 01:26:27.468"
"1821","6091","987","24","2021-04-15 01:26:27.468"
"1822","6091","987","2","2021-04-15 01:26:27.475"
"1823","6119","984","92","2021-04-15 01:26:27.492"
"1824","6128","981","119","2021-04-15 01:26:27.525"
"1825","6128","981","147","2021-04-15 01:26:27.543"
"1826","6134","985","26","2021-04-15 01:26:27.550"
"1827","6133","986","46","2021-04-15 01:26:27.550"
"1828","6150","985","21","2021-04-15 01:26:27.569"
"1829","6133","986","205","2021-04-15 01:26:27.569"
"1830","6165","983","22","2021-04-15 01:26:27.621"
"1831","6164","984","50","2021-04-15 01:26:27.621"
"1832","6164","984","41","2021-04-15 01:26:27.623"
"1833","6167","984","127","2021-04-15 01:26:27.623"
"1834","6152","985","34","2021-04-15 01:26:27.623"
"1835","6156","985","57","2021-04-15 01:26:27.623"
"1836","6136","986","25","2021-04-15 01:26:27.623"
"1837","6137","986","31","2021-04-15 01:26:27.623"
"1838","6177","982","73","2021-04-15 01:26:27.641"
"1839","6176","983","39","2021-04-15 01:26:27.657"
"1840","6178","983","24","2021-04-15 01:26:27.657"
"1841","6210","981","36","2021-04-15 01:26:27.721"
"1842","6215","981","97","2021-04-15 01:26:27.723"
"1843","6212","980","27","2021-04-15 01:26:27.723"
"1844","6203","979","31","2021-04-15 01:26:27.723"
"1845","6205","979","23","2021-04-15 01:26:27.723"
"1846","6213","979","42","2021-04-15 01:26:27.723"
"1847","6219","982","98","2021-04-15 01:26:27.730"
"1848","6219","982","62","2021-04-15 01:26:27.732"
"1849","6219","982","210","2021-04-15 01:26:27.737"
"1850","6224","973","39","2021-04-15 01:26:27.741"
"1851","6232","981","42","2021-04-15 01:26:27.787"
"1852","6219","982","19","2021-04-15 01:26:27.787"
"1853","6230","973","36","2021-04-15 01:26:27.789"
"1854","6236","972","127","2021-04-15 01:26:27.789"
"1855","6237","972","27","2021-04-15 01:26:27.789"
"1856","6238","972","26","2021-04-15 01:26:27.789"
"1857","6228","971","1","2021-04-15 01:26:27.790"
"1858","6253","974","40","2021-04-15 01:26:27.820"
"1859","6252","973","35","2021-04-15 01:26:27.820"
"1860","6245","972","45","2021-04-15 01:26:27.820"
"1861","6229","971","32","2021-04-15 01:26:27.820"
"1862","6248","971","34","2021-04-15 01:26:27.820"
"1863","6251","971","69","2021-04-15 01:26:27.820"
"1864","6271","978","35","2021-04-15 01:26:27.877"
"1865","6268","977","34","2021-04-15 01:26:27.877"
"1866","6273","977","8","2021-04-15 01:26:27.877"
"1867","6275","978","23","2021-04-15 01:26:27.886"
"1868","6273","977","14","2021-04-15 01:26:27.891"
"1869","6294","975","38","2021-04-15 01:26:27.950"
"1870","6290","976","74","2021-04-15 01:26:27.950"
"1871","6295","969","43","2021-04-15 01:26:27.952"
"1872","6309","974","33","2021-04-15 01:26:27.964"
"1873","6308","975","132","2021-04-15 01:26:27.964"
"1874","6290","976","35","2021-04-15 01:26:27.988"
"1875","6299","976","85","2021-04-15 01:26:27.988"
"1876","6279","977","52","2021-04-15 01:26:27.988"
"1877","6302","977","27","2021-04-15 01:26:27.988"
"1878","6306","977","133","2021-04-15 01:26:27.988"
"1879","6275","978","134","2021-04-15 01:26:27.988"
"1880","6283","978","28","2021-04-15 01:26:27.988"
"1881","6286","978","997","2021-04-15 01:26:27.988"
"1882","6289","978","22","2021-04-15 01:26:27.988"
"1883","6270","979","46","2021-04-15 01:26:27.988"
"1884","6256","980","126","2021-04-15 01:26:27.988"
"1885","6246","981","72","2021-04-15 01:26:27.988"
"1886","6258","981","73","2021-04-15 01:26:27.988"
"1887","6320","980","36","2021-04-15 01:26:28.021"
"1888","6258","981","66","2021-04-15 01:26:28.021"
"1889","6332","973","28","2021-04-15 01:26:28.053"
"1890","6333","973","67","2021-04-15 01:26:28.053"
"1891","6334","973","56","2021-04-15 01:26:28.053"
"1892","6324","972","36","2021-04-15 01:26:28.053"
"1893","6318","971","34","2021-04-15 01:26:28.053"
"1894","6319","970","35","2021-04-15 01:26:28.053"
"1895","6322","970","38","2021-04-15 01:26:28.053"
"1896","6343","979","35","2021-04-15 01:26:28.080"
"1897","6335","980","245","2021-04-15 01:26:28.080"
"1898","6335","980","37","2021-04-15 01:26:28.089"
"1899","6258","981","76","2021-04-15 01:26:28.089"
"1900","6269","981","26","2021-04-15 01:26:28.089"
"1901","6338","981","11","2021-04-15 01:26:28.089"
"1902","6357","980","50","2021-04-15 01:26:28.104"
"1903","6376","979","29","2021-04-15 01:26:28.154"
"1904","6357","980","15","2021-04-15 01:26:28.154"
"1905","6377","980","80","2021-04-15 01:26:28.154"
"1906","6381","980","67","2021-04-15 01:26:28.154"
"1907","6339","981","59","2021-04-15 01:26:28.154"
"1908","6340","981","237","2021-04-15 01:26:28.154"
"1909","6364","981","78","2021-04-15 01:26:28.154"
"1910","6366","981","21","2021-04-15 01:26:28.154"
"1911","6368","981","693","2021-04-15 01:26:28.154"
"1912","6372","981","134","2021-04-15 01:26:28.154"
"1913","6375","981","165","2021-04-15 01:26:28.154"
"1914","6219","982","85","2021-04-15 01:26:28.154"
"1915","6391","972","44","2021-04-15 01:26:28.182"
"1916","6389","971","54","2021-04-15 01:26:28.182"
"1917","6387","970","24","2021-04-15 01:26:28.182"
"1918","6219","982","60","2021-04-15 01:26:28.183"
"1919","6219","982","69","2021-04-15 01:26:28.207"
"1920","6370","969","63","2021-04-15 01:26:28.275"
"1921","6380","969","22","2021-04-15 01:26:28.275"
"1922","6395","968","27","2021-04-15 01:26:28.275"
"1923","6404","968","26","2021-04-15 01:26:28.275"
"1924","6405","968","37","2021-04-15 01:26:28.275"
"1925","6435","978","88","2021-04-15 01:26:28.337"
"1926","6440","978","26","2021-04-15 01:26:28.337"
"1927","6427","980","31","2021-04-15 01:26:28.337"
"1928","6415","983","11","2021-04-15 01:26:28.337"
"1929","6457","967","43","2021-04-15 01:26:28.379"
"1930","6458","966","71","2021-04-15 01:26:28.379"
"1931","6460","966","83","2021-04-15 01:26:28.379"
"1932","6451","976","22","2021-04-15 01:26:28.386"
"1933","6459","977","163","2021-04-15 01:26:28.386"
"1934","6481","963","34","2021-04-15 01:26:28.418"
"1935","6478","962","68","2021-04-15 01:26:28.418"
"1936","6478","962","89","2021-04-15 01:26:28.423"
"1937","6469","971","58","2021-04-15 01:26:28.426"
"1938","6503","966","27","2021-04-15 01:26:28.479"
"1939","6506","967","62","2021-04-15 01:26:28.479"
"1940","6509","956","20","2021-04-15 01:26:28.504"
"1941","6523","957","50","2021-04-15 01:26:28.521"
"1942","6522","958","63","2021-04-15 01:26:28.521"
"1943","6547","949","58","2021-04-15 01:26:28.594"
"1944","6553","950","43","2021-04-15 01:26:28.609"
"1945","6533","951","30","2021-04-15 01:26:28.609"
"1946","6554","951","34","2021-04-15 01:26:28.609"
"1947","6558","951","34","2021-04-15 01:26:28.609"
"1948","6563","950","38","2021-04-15 01:26:28.616"
"1949","6564","950","5","2021-04-15 01:26:28.617"
"1950","6551","948","43","2021-04-15 01:26:28.623"
"1951","6559","947","26","2021-04-15 01:26:28.623"
"1952","6576","943","21","2021-04-15 01:26:28.659"
"1953","6586","949","126","2021-04-15 01:26:28.697"
"1954","6590","950","86","2021-04-15 01:26:28.697"
"1955","6603","950","37","2021-04-15 01:26:28.729"
"1956","6601","951","62","2021-04-15 01:26:28.729"
"1957","6617","950","33","2021-04-15 01:26:28.764"
"1958","6601","951","66","2021-04-15 01:26:28.764"
"1959","6601","951","68","2021-04-15 01:26:28.772"
"1960","6601","951","355","2021-04-15 01:26:28.778"
"1961","6625","948","21","2021-04-15 01:26:28.799"
"1962","6624","947","70","2021-04-15 01:26:28.799"
"1963","6635","950","26","2021-04-15 01:26:28.831"
"1964","6601","951","115","2021-04-15 01:26:28.831"
"1965","6601","951","52","2021-04-15 01:26:28.832"
