"OrderId","ClientOrderId","Price","Volume","DateTime"
"1","7","1000","27","2021-04-15 02:07:29.938"
"2","4","1001","77","2021-04-15 02:07:29.939"
"3","18","1000","28","2021-04-15 02:07:35.522"
"4","18","1000","7","2021-04-15 02:07:37.958"
"5","26","1000","28","2021-04-15 02:07:40.044"
"6","23","999","85","2021-04-15 02:07:46.291"
"7","27","999","15","2021-04-15 02:07:46.291"
"8","27","999","13","2021-04-15 02:07:47.356"
"9","29","999","139","2021-04-15 02:07:47.356"
"10","15","998","13","2021-04-15 02:07:47.356"
"11","40","1000","40","2021-04-15 02:07:48.476"
"12","33","1002","32","2021-04-15 02:07:48.476"
"13","15","998","73","2021-04-15 02:07:51.523"
"14","25","998","7","2021-04-15 02:07:51.523"
"15","55","1000","38","2021-04-15 02:08:00.761"
"16","53","999","82","2021-04-15 02:08:00.761"
"17","25","998","110","2021-04-15 02:08:00.761"
"18","52","1003","50","2021-04-15 02:08:06.053"
"19","75","999","21","2021-04-15 02:08:29.282"
"20","75","999","27","2021-04-15 02:08:49.751"
"21","95","999","23","2021-04-15 02:09:11.656"
"22","85","998","95","2021-04-15 02:09:11.656"
"23","89","1000","30","2021-04-15 02:09:18.548"
"24","105","1000","12","2021-04-15 02:09:18.694"
"25","98","999","32","2021-04-15 02:09:18.694"
"26","85","998","32","2021-04-15 02:09:18.694"
"27","66","1001","73","2021-04-15 02:09:21.031"
"28","72","1001","22","2021-04-15 02:09:21.031"
"29","73","1001","11","2021-04-15 02:09:21.031"
"30","73","1001","21","2021-04-15 02:09:32.338"
"31","92","1001","22","2021-04-15 02:09:35.573"
"32","110","1000","21","2021-04-15 02:09:37.151"
"33","107","999","31","2021-04-15 02:09:40.010"
"34","107","999","125","2021-04-15 02:09:57.018"
"35","115","999","42","2021-04-15 02:09:57.018"
"36","119","999","63","2021-04-15 02:10:16.078"
"37","116","1000","62","2021-04-15 02:10:17.101"
"38","126","999","29","2021-04-15 02:10:24.072"
"39","128","999","24","2021-04-15 02:10:25.073"
"40","85","998","43","2021-04-15 02:10:35.289"
"41","85","998","115","2021-04-15 02:10:36.398"
"42","141","990","44","2021-04-15 02:10:44.295"
"43","145","989","9","2021-04-15 02:10:44.295"
"44","135","1000","34","2021-04-15 02:10:47.191"
"45","92","1001","3","2021-04-15 02:10:47.191"
"46","99","1001","131","2021-04-15 02:10:47.191"
"47","155","996","37","2021-04-15 02:11:01.339"
"48","156","995","32","2021-04-15 02:11:01.339"
"49","161","994","31","2021-04-15 02:11:09.892"
"50","158","999","26","2021-04-15 02:11:19.917"
"51","157","1000","65","2021-04-15 02:11:19.917"
"52","164","1000","22","2021-04-15 02:11:19.917"
"53","99","1001","35","2021-04-15 02:11:19.917"
"54","166","993","359","2021-04-15 02:11:32.415"
"55","187","999","30","2021-04-15 02:12:56.803"
"56","179","1000","29","2021-04-15 02:12:56.803"
"57","199","999","54","2021-04-15 02:12:58.107"
"58","179","1000","333","2021-04-15 02:12:58.107"
"59","179","1000","213","2021-04-15 02:13:02.584"
"60","198","998","44","2021-04-15 02:13:06.721"
"61","192","997","20","2021-04-15 02:13:06.721"
"62","201","997","36","2021-04-15 02:13:06.721"
"63","201","997","46","2021-04-15 02:13:09.780"
"64","177","995","10","2021-04-15 02:13:09.780"
"65","178","994","27","2021-04-15 02:13:14.901"
"66","186","994","38","2021-04-15 02:13:14.901"
"67","99","1001","36","2021-04-15 02:13:18.857"
"68","169","1001","72","2021-04-15 02:13:18.857"
"69","84","1002","32","2021-04-15 02:13:18.857"
"70","131","1002","24","2021-04-15 02:13:18.857"
"71","132","1002","11","2021-04-15 02:13:18.857"
"72","248","1001","32","2021-04-15 02:13:50.300"
"73","235","1002","27","2021-04-15 02:13:52.337"
"74","253","1001","11","2021-04-15 02:13:52.659"
"75","255","1001","19","2021-04-15 02:13:53.475"
"76","235","1002","6","2021-04-15 02:13:53.475"
"77","250","1002","22","2021-04-15 02:13:53.475"
"78","252","1000","34","2021-04-15 02:14:08.167"
"79","251","999","36","2021-04-15 02:14:08.167"
"80","251","999","15","2021-04-15 02:14:16.238"
"81","257","999","68","2021-04-15 02:14:16.238"
"82","249","998","85","2021-04-15 02:14:16.238"
"83","261","998","22","2021-04-15 02:14:16.238"
"84","247","997","9","2021-04-15 02:14:16.238"
"85","271","1003","51","2021-04-15 02:14:28.465"
"86","270","998","31","2021-04-15 02:14:37.020"
"87","247","997","87","2021-04-15 02:14:37.020"
"88","276","997","9","2021-04-15 02:14:37.020"
"89","280","1002","71","2021-04-15 02:14:47.964"
"90","292","1000","25","2021-04-15 02:15:17.132"
"91","286","1001","28","2021-04-15 02:15:18.333"
"92","286","1001","24","2021-04-15 02:15:27.240"
"93","280","1002","102","2021-04-15 02:15:27.240"
"94","294","1002","26","2021-04-15 02:15:27.240"
"95","302","1001","28","2021-04-15 02:15:35.516"
"96","292","1000","32","2021-04-15 02:15:35.516"
"97","271","1003","7","2021-04-15 02:15:46.573"
"98","283","1003","44","2021-04-15 02:15:46.573"
"99","301","1003","2","2021-04-15 02:15:46.573"
"100","301","1003","82","2021-04-15 02:16:03.187"
"101","316","1003","42","2021-04-15 02:16:03.187"
"102","311","1004","48","2021-04-15 02:16:03.187"
"103","312","1004","2","2021-04-15 02:16:03.187"
"104","336","1001","34","2021-04-15 02:16:20.742"
"105","304","1000","34","2021-04-15 02:16:20.742"
"106","341","1001","84","2021-04-15 02:16:24.030"
"107","304","1000","15","2021-04-15 02:16:24.030"
"108","329","999","15","2021-04-15 02:16:24.030"
"109","333","1003","27","2021-04-15 02:16:30.679"
"110","312","1004","54","2021-04-15 02:16:30.679"
"111","353","1003","94","2021-04-15 02:16:35.944"
"112","353","1003","40","2021-04-15 02:16:36.016"
"113","356","1002","37","2021-04-15 02:16:36.078"
"114","353","1003","22","2021-04-15 02:16:38.020"
"115","356","1002","74","2021-04-15 02:16:38.712"
"116","364","1002","26","2021-04-15 02:16:38.886"
"117","364","1002","81","2021-04-15 02:16:40.790"
"118","361","1001","21","2021-04-15 02:16:41.916"
"119","364","1002","158","2021-04-15 02:16:42.702"
"120","371","1001","48","2021-04-15 02:16:43.746"
"121","346","999","38","2021-04-15 02:16:43.746"
"122","372","1003","34","2021-04-15 02:16:45.421"
"123","373","1003","20","2021-04-15 02:16:45.421"
"124","399","1001","22","2021-04-15 02:16:58.852"
"125","383","1000","33","2021-04-15 02:17:03.616"
"126","403","1000","14","2021-04-15 02:17:03.616"
"127","382","999","22","2021-04-15 02:17:18.854"
"128","410","999","31","2021-04-15 02:17:18.854"
"129","421","999","24","2021-04-15 02:17:18.854"
"130","427","1002","23","2021-04-15 02:17:25.774"
"131","428","1000","29","2021-04-15 02:17:36.345"
"132","421","999","11","2021-04-15 02:17:36.345"
"133","414","998","15","2021-04-15 02:17:36.345"
"134","416","1003","66","2021-04-15 02:17:36.817"
"135","442","1000","44","2021-04-15 02:18:09.358"
"136","439","999","41","2021-04-15 02:18:09.358"
"137","414","998","9","2021-04-15 02:18:09.358"
"138","440","998","8","2021-04-15 02:18:09.358"
"139","381","997","29","2021-04-15 02:18:11.972"
"140","460","999","26","2021-04-15 02:18:27.271"
"141","454","998","21","2021-04-15 02:18:27.271"
"142","452","997","21","2021-04-15 02:18:27.271"
"143","459","997","14","2021-04-15 02:18:27.271"
"144","457","1002","75","2021-04-15 02:18:34.846"
"145","467","1003","45","2021-04-15 02:18:34.847"
"146","456","1004","121","2021-04-15 02:18:34.847"
"147","480","1006","41","2021-04-15 02:18:51.513"
"148","479","1007","10","2021-04-15 02:18:51.513"
"149","479","1007","19","2021-04-15 02:19:02.969"
"150","477","1009","488","2021-04-15 02:19:02.969"
"151","477","1009","55","2021-04-15 02:19:27.461"
"152","484","1003","36","2021-04-15 02:19:36.865"
"153","482","1002","59","2021-04-15 02:19:36.865"
"154","489","1002","38","2021-04-15 02:19:36.865"
"155","473","1001","26","2021-04-15 02:19:36.865"
"156","475","1000","39","2021-04-15 02:19:44.666"
"157","495","999","34","2021-04-15 02:19:44.666"
"158","503","1008","44","2021-04-15 02:19:58.137"
"159","478","1009","32","2021-04-15 02:19:58.137"
"160","501","1004","91","2021-04-15 02:19:58.875"
"161","505","1004","41","2021-04-15 02:19:58.875"
"162","500","1003","299","2021-04-15 02:19:58.875"
"163","497","1002","10","2021-04-15 02:19:58.875"
"164","508","1001","66","2021-04-15 02:20:03.669"
"165","512","1000","25","2021-04-15 02:20:07.185"
"166","522","999","100","2021-04-15 02:20:07.185"
"167","478","1009","72","2021-04-15 02:20:08.199"
"168","535","1002","22","2021-04-15 02:20:15.185"
"169","478","1009","22","2021-04-15 02:20:22.852"
"170","547","1009","28","2021-04-15 02:20:22.852"
"171","486","1010","32","2021-04-15 02:20:22.852"
"172","540","1010","23","2021-04-15 02:20:22.852"
"173","546","1004","42","2021-04-15 02:20:23.637"
"174","545","1003","31","2021-04-15 02:20:23.637"
"175","551","1003","49","2021-04-15 02:20:23.637"
"176","554","1002","51","2021-04-15 02:20:27.183"
"177","554","1002","5","2021-04-15 02:20:28.383"
"178","558","1001","48","2021-04-15 02:20:28.383"
"179","561","1002","35","2021-04-15 02:20:30.329"
"180","555","1003","29","2021-04-15 02:20:30.329"
"181","563","1001","25","2021-04-15 02:20:31.756"
"182","567","1001","70","2021-04-15 02:20:32.054"
"183","567","1001","18","2021-04-15 02:20:32.116"
"184","572","999","57","2021-04-15 02:20:33.703"
"185","576","1006","43","2021-04-15 02:20:37.500"
"186","578","1000","61","2021-04-15 02:20:47.855"
"187","572","999","59","2021-04-15 02:20:51.376"
"188","614","996","165","2021-04-15 02:21:40.684"
"189","624","1000","24","2021-04-15 02:22:15.656"
"190","593","1002","28","2021-04-15 02:22:15.656"
"191","601","1002","40","2021-04-15 02:22:15.656"
"192","586","1003","26","2021-04-15 02:22:29.502"
"193","584","1004","24","2021-04-15 02:22:29.502"
"194","635","1004","32","2021-04-15 02:22:29.502"
"195","628","999","21","2021-04-15 02:22:30.447"
"196","618","998","39","2021-04-15 02:22:30.448"
"197","635","1004","98","2021-04-15 02:22:33.369"
"198","618","998","6","2021-04-15 02:22:36.995"
"199","621","998","42","2021-04-15 02:22:36.995"
"200","633","998","29","2021-04-15 02:22:36.995"
"201","656","1001","20","2021-04-15 02:22:49.001"
"202","654","1002","31","2021-04-15 02:22:49.001"
"203","654","1002","97","2021-04-15 02:23:01.303"
"204","651","1003","69","2021-04-15 02:23:01.303"
"205","662","1003","75","2021-04-15 02:23:01.303"
"206","664","1003","25","2021-04-15 02:23:01.303"
"207","652","999","23","2021-04-15 02:23:15.647"
"208","665","999","23","2021-04-15 02:23:15.647"
"209","673","998","47","2021-04-15 02:23:15.647"
"210","689","1006","33","2021-04-15 02:23:34.868"
"211","686","1007","30","2021-04-15 02:23:34.868"
"212","686","1007","51","2021-04-15 02:23:38.836"
"213","694","1008","20","2021-04-15 02:23:38.836"
"214","701","1009","51","2021-04-15 02:23:42.206"
"215","673","998","15","2021-04-15 02:23:47.159"
"216","696","998","1786","2021-04-15 02:23:47.159"
"217","709","1001","51","2021-04-15 02:23:49.340"
"218","709","1001","362","2021-04-15 02:23:49.588"
"219","707","1002","23","2021-04-15 02:23:49.588"
"220","711","1002","57","2021-04-15 02:23:49.588"
"221","696","998","219","2021-04-15 02:23:52.511"
"222","727","999","48","2021-04-15 02:23:54.432"
"223","696","998","4","2021-04-15 02:23:54.432"
"224","696","998","388","2021-04-15 02:23:54.983"
"225","733","1004","24","2021-04-15 02:23:56.348"
"226","739","1001","25","2021-04-15 02:24:01.360"
"227","744","1001","10","2021-04-15 02:24:03.548"
"228","741","1000","31","2021-04-15 02:24:03.548"
"229","740","999","72","2021-04-15 02:24:03.548"
"230","742","999","15","2021-04-15 02:24:03.548"
"231","754","1004","138","2021-04-15 02:24:16.184"
"232","757","1000","25","2021-04-15 02:24:22.166"
"233","742","999","24","2021-04-15 02:24:22.167"
"234","743","999","22","2021-04-15 02:24:22.167"
"235","760","999","54","2021-04-15 02:24:22.167"
"236","696","998","48","2021-04-15 02:24:22.167"
"237","696","998","133","2021-04-15 02:24:23.002"
"238","696","998","4006","2021-04-15 02:24:28.018"
"239","750","998","32","2021-04-15 02:24:28.018"
"240","774","1001","22","2021-04-15 02:24:33.500"
"241","766","1002","98","2021-04-15 02:24:33.500"
"242","777","1002","27","2021-04-15 02:24:33.500"
"243","761","1003","1","2021-04-15 02:24:33.500"
"244","776","998","48","2021-04-15 02:24:35.194"
"245","786","992","48","2021-04-15 02:25:38.067"
"246","782","1002","133","2021-04-15 02:25:43.601"
"247","790","1002","70","2021-04-15 02:26:04.329"
"248","817","1000","35","2021-04-15 02:26:42.378"
"249","790","1002","20","2021-04-15 02:26:42.378"
"250","761","1003","46","2021-04-15 02:26:42.378"
"251","765","1004","21","2021-04-15 02:26:42.378"
"252","824","998","91","2021-04-15 02:26:50.754"
"253","810","997","22","2021-04-15 02:26:50.754"
"254","813","997","11","2021-04-15 02:26:50.754"
"255","833","1003","29","2021-04-15 02:26:59.920"
"256","765","1004","139","2021-04-15 02:26:59.920"
"257","827","1005","53","2021-04-15 02:26:59.920"
"258","828","1005","27","2021-04-15 02:26:59.920"
"259","829","1005","31","2021-04-15 02:26:59.920"
"260","831","1005","82","2021-04-15 02:26:59.920"
"261","843","1007","38","2021-04-15 02:27:16.349"
"262","854","1006","43","2021-04-15 02:27:23.918"
"263","854","1006","5","2021-04-15 02:27:24.213"
"264","856","1005","33","2021-04-15 02:27:24.652"
"265","861","998","49","2021-04-15 02:27:28.437"
"266","862","997","7","2021-04-15 02:27:28.437"
"267","862","997","15","2021-04-15 02:27:29.647"
"268","868","1001","54","2021-04-15 02:27:50.321"
"269","879","1002","67","2021-04-15 02:28:00.083"
"270","878","1003","40","2021-04-15 02:28:00.083"
"271","877","1004","63","2021-04-15 02:28:00.083"
"272","871","1005","48","2021-04-15 02:28:00.083"
"273","863","1006","23","2021-04-15 02:28:00.083"
"274","874","1006","51","2021-04-15 02:28:00.083"
"275","883","998","32","2021-04-15 02:28:04.019"
"276","892","999","53","2021-04-15 02:28:14.341"
"277","893","1001","43","2021-04-15 02:28:18.948"
"278","894","1001","66","2021-04-15 02:28:18.948"
"279","900","1002","25","2021-04-15 02:28:18.948"
"280","901","1002","48","2021-04-15 02:28:18.948"
"281","902","1002","12","2021-04-15 02:28:18.948"
"282","918","998","76","2021-04-15 02:28:55.086"
"283","918","998","16","2021-04-15 02:29:22.007"
"284","927","999","60","2021-04-15 02:29:22.007"
"285","910","1000","39","2021-04-15 02:29:22.007"
"286","929","995","22","2021-04-15 02:29:32.309"
"287","929","995","11","2021-04-15 02:29:33.591"
"288","919","994","25","2021-04-15 02:29:33.591"
"289","932","994","27","2021-04-15 02:29:33.591"
"290","933","994","25","2021-04-15 02:29:33.591"
"291","941","1000","20","2021-04-15 02:29:37.266"
"292","954","1000","25","2021-04-15 02:29:39.442"
"293","967","987","33","2021-04-15 02:29:45.225"
"294","963","992","40","2021-04-15 02:29:51.668"
"295","968","992","21","2021-04-15 02:29:51.668"
"296","972","992","47","2021-04-15 02:29:51.668"
"297","974","992","56","2021-04-15 02:29:51.668"
"298","974","992","86","2021-04-15 02:29:52.474"
"299","991","991","61","2021-04-15 02:29:56.808"
"300","987","990","13","2021-04-15 02:29:56.808"
"301","1000","997","43","2021-04-15 02:29:58.766"
"302","1006","989","38","2021-04-15 02:30:03.621"
"303","1013","999","37","2021-04-15 02:30:09.102"
"304","1002","1000","24","2021-04-15 02:30:09.102"
"305","1005","1000","40","2021-04-15 02:30:09.102"
"306","1023","993","22","2021-04-15 02:30:41.449"
"307","1019","992","39","2021-04-15 02:30:41.449"
"308","1032","998","64","2021-04-15 02:30:45.012"
"309","1022","999","186","2021-04-15 02:30:45.012"
"310","1014","1000","27","2021-04-15 02:30:45.012"
"311","1029","1000","24","2021-04-15 02:30:45.012"
"312","1040","992","58","2021-04-15 02:31:13.903"
"313","1020","991","32","2021-04-15 02:31:13.903"
"314","1041","991","35","2021-04-15 02:31:13.904"
"315","1042","991","21","2021-04-15 02:31:13.904"
"316","1044","991","25","2021-04-15 02:31:13.904"
"317","1018","990","41","2021-04-15 02:31:13.904"
"318","1055","992","23","2021-04-15 02:31:37.187"
"319","1058","993","75","2021-04-15 02:31:37.187"
"320","1058","993","61","2021-04-15 02:31:50.325"
"321","1059","990","78","2021-04-15 02:31:54.333"
"322","1078","991","43","2021-04-15 02:32:12.609"
"323","1065","990","22","2021-04-15 02:32:12.609"
"324","1079","990","14","2021-04-15 02:32:12.609"
"325","1058","993","9","2021-04-15 02:32:18.451"
"326","1060","993","13","2021-04-15 02:32:18.451"
"327","1083","991","22","2021-04-15 02:32:19.955"
"328","1079","990","29","2021-04-15 02:32:19.955"
"329","1076","989","43","2021-04-15 02:32:19.955"
"330","1056","988","110","2021-04-15 02:32:19.956"
"331","1096","992","25","2021-04-15 02:32:58.414"
"332","1096","992","27","2021-04-15 02:33:03.336"
"333","1060","993","50","2021-04-15 02:33:03.336"
"334","1073","993","22","2021-04-15 02:33:03.336"
"335","1075","994","6","2021-04-15 02:33:03.336"
"336","1103","992","34","2021-04-15 02:33:06.775"
"337","1099","991","19","2021-04-15 02:33:06.775"
"338","1075","994","29","2021-04-15 02:33:06.805"
"339","1104","995","39","2021-04-15 02:33:06.805"
"340","1099","991","4","2021-04-15 02:33:10.164"
"341","1098","990","81","2021-04-15 02:33:10.164"
"342","1101","990","72","2021-04-15 02:33:10.164"
"343","1091","989","132","2021-04-15 02:33:10.164"
"344","1056","988","39","2021-04-15 02:33:10.164"
"345","1092","988","63","2021-04-15 02:33:10.164"
"346","1052","987","25","2021-04-15 02:33:10.164"
"347","1112","996","51","2021-04-15 02:33:11.569"
"348","1112","996","35","2021-04-15 02:33:12.429"
"349","1112","996","194","2021-04-15 02:33:19.578"
"350","1129","993","53","2021-04-15 02:33:47.769"
"351","1132","992","29","2021-04-15 02:33:47.769"
"352","1134","992","308","2021-04-15 02:33:47.769"
"353","1126","1001","22","2021-04-15 02:33:49.782"
"354","1136","1001","37","2021-04-15 02:33:49.782"
"355","1157","999","24","2021-04-15 02:34:08.466"
"356","1146","1000","33","2021-04-15 02:34:09.387"
"357","1159","999","257","2021-04-15 02:34:09.700"
"358","1161","999","36","2021-04-15 02:34:09.852"
"359","1161","999","239","2021-04-15 02:34:10.175"
"360","1174","999","30","2021-04-15 02:34:14.652"
"361","1146","1000","28","2021-04-15 02:34:15.605"
"362","1169","1000","34","2021-04-15 02:34:15.605"
"363","1158","997","44","2021-04-15 02:34:20.317"
"364","1163","997","8","2021-04-15 02:34:20.317"
"365","1163","997","43","2021-04-15 02:34:20.343"
"366","1185","1003","28","2021-04-15 02:34:21.456"
"367","1186","1003","563","2021-04-15 02:34:34.092"
"368","1201","1002","21","2021-04-15 02:34:37.745"
"369","1186","1003","77","2021-04-15 02:34:37.745"
"370","1211","1001","37","2021-04-15 02:34:42.170"
"371","1209","1002","24","2021-04-15 02:34:42.170"
"372","1212","1002","48","2021-04-15 02:34:42.170"
"373","1186","1003","93","2021-04-15 02:34:42.170"
"374","1216","994","51","2021-04-15 02:34:42.978"
"375","1248","999","65","2021-04-15 02:35:13.015"
"376","1262","992","108","2021-04-15 02:35:29.134"
"377","1246","1000","79","2021-04-15 02:36:13.348"
"378","1246","1000","259","2021-04-15 02:36:15.753"
"379","1284","989","25","2021-04-15 02:36:16.193"
"380","1278","988","23","2021-04-15 02:36:16.193"
"381","1279","987","155","2021-04-15 02:36:16.193"
"382","1279","987","56","2021-04-15 02:36:20.143"
"383","1250","1000","26","2021-04-15 02:36:30.312"
"384","1263","1000","34","2021-04-15 02:36:30.312"
"385","1316","990","20","2021-04-15 02:37:12.006"
"386","1309","989","35","2021-04-15 02:37:12.006"
"387","1302","997","36","2021-04-15 02:37:14.132"
"388","1306","997","38","2021-04-15 02:37:14.132"
"389","1299","998","30","2021-04-15 02:37:14.132"
"390","1308","988","40","2021-04-15 02:37:22.905"
"391","1319","988","140","2021-04-15 02:37:22.905"
"392","1296","987","129","2021-04-15 02:37:22.905"
"393","1322","987","51","2021-04-15 02:37:22.905"
"394","1321","999","85","2021-04-15 02:37:28.915"
"395","1263","1000","258","2021-04-15 02:37:28.915"
"396","1239","1001","56","2021-04-15 02:37:28.915"
"397","1255","1001","20","2021-04-15 02:37:28.915"
"398","1259","1001","28","2021-04-15 02:37:28.915"
"399","1285","1001","176","2021-04-15 02:37:28.915"
"400","1325","997","109","2021-04-15 02:37:29.403"
"401","1338","996","56","2021-04-15 02:37:38.606"
"402","1354","1003","288","2021-04-15 02:37:48.946"
"403","1338","996","20","2021-04-15 02:37:52.036"
"404","1342","995","30","2021-04-15 02:37:52.036"
"405","1365","996","81","2021-04-15 02:38:07.582"
"406","1365","996","14","2021-04-15 02:38:08.524"
"407","1342","995","28","2021-04-15 02:38:08.524"
"408","1353","995","1164","2021-04-15 02:38:08.524"
"409","1368","1001","21","2021-04-15 02:38:09.367"
"410","1364","1002","124","2021-04-15 02:38:09.367"
"411","1353","995","61","2021-04-15 02:38:28.218"
"412","1353","995","50","2021-04-15 02:38:33.924"
"413","1353","995","77","2021-04-15 02:38:35.416"
"414","1387","994","51","2021-04-15 02:38:44.652"
"415","1385","993","20","2021-04-15 02:38:44.652"
"416","1390","999","23","2021-04-15 02:38:56.188"
"417","1376","1000","26","2021-04-15 02:38:56.188"
"418","1375","1001","44","2021-04-15 02:38:56.188"
"419","1418","994","25","2021-04-15 02:39:20.797"
"420","1416","993","27","2021-04-15 02:39:20.797"
"421","1423","998","36","2021-04-15 02:39:21.377"
"422","1419","999","24","2021-04-15 02:39:21.377"
"423","1416","993","15","2021-04-15 02:39:21.927"
"424","1399","992","39","2021-04-15 02:39:21.927"
"425","1392","991","33","2021-04-15 02:39:21.927"
"426","1411","991","20","2021-04-15 02:39:21.927"
"427","1412","991","28","2021-04-15 02:39:21.927"
"428","1429","998","20","2021-04-15 02:39:28.331"
"429","1438","999","61","2021-04-15 02:39:31.341"
"430","1437","1000","7","2021-04-15 02:39:31.341"
"431","1447","999","95","2021-04-15 02:39:35.063"
"432","1429","998","45","2021-04-15 02:39:38.251"
"433","1454","998","28","2021-04-15 02:39:38.287"
"434","1447","999","33","2021-04-15 02:39:38.287"
"435","1457","998","57","2021-04-15 02:39:55.610"
"436","1427","997","22","2021-04-15 02:39:59.702"
"437","1431","997","19","2021-04-15 02:39:59.702"
"438","1431","997","12","2021-04-15 02:40:05.933"
"439","1444","997","17","2021-04-15 02:40:05.933"
"440","1462","998","55","2021-04-15 02:40:24.569"
"441","1478","998","22","2021-04-15 02:40:57.630"
"442","1461","999","26","2021-04-15 02:40:57.630"
"443","1469","999","7","2021-04-15 02:40:57.630"
"444","1482","998","22","2021-04-15 02:40:59.413"
"445","1469","999","17","2021-04-15 02:40:59.413"
"446","1471","999","23","2021-04-15 02:40:59.413"
"447","1479","999","19","2021-04-15 02:40:59.413"
"448","1463","996","25","2021-04-15 02:41:01.497"
"449","1470","996","42","2021-04-15 02:41:01.497"
"450","1476","995","16","2021-04-15 02:41:01.497"
"451","1490","996","22","2021-04-15 02:41:08.195"
"452","1488","997","29","2021-04-15 02:41:12.739"
"453","1486","998","71","2021-04-15 02:41:12.739"
"454","1507","999","34","2021-04-15 02:41:32.638"
"455","1440","1000","38","2021-04-15 02:41:32.638"
"456","1529","995","35","2021-04-15 02:41:37.376"
"457","1504","994","43","2021-04-15 02:41:37.376"
"458","1513","994","22","2021-04-15 02:41:37.376"
"459","1516","994","57","2021-04-15 02:41:37.376"
"460","1440","1000","16","2021-04-15 02:41:37.809"
"461","1449","1000","31","2021-04-15 02:41:37.809"
"462","1511","1000","125","2021-04-15 02:41:37.809"
"463","1511","1000","32","2021-04-15 02:41:40.280"
"464","1523","1000","61","2021-04-15 02:41:40.280"
"465","1525","1000","92","2021-04-15 02:41:40.280"
"466","1432","1001","3","2021-04-15 02:41:40.280"
"467","1432","1001","59","2021-04-15 02:41:40.338"
"468","1532","1001","61","2021-04-15 02:41:40.338"
"469","1367","1003","44","2021-04-15 02:41:40.338"
"470","1367","1003","167","2021-04-15 02:41:40.417"
"471","1547","995","62","2021-04-15 02:41:43.898"
"472","1516","994","5","2021-04-15 02:41:43.898"
"473","1561","995","65","2021-04-15 02:41:51.852"
"474","1516","994","4","2021-04-15 02:41:51.852"
"475","1516","994","4","2021-04-15 02:41:53.140"
"476","1563","993","157","2021-04-15 02:41:53.140"
"477","1564","993","34","2021-04-15 02:41:53.140"
"478","1554","1001","66","2021-04-15 02:41:53.779"
"479","1586","995","35","2021-04-15 02:42:10.987"
"480","1587","998","33","2021-04-15 02:42:11.214"
"481","1582","999","20","2021-04-15 02:42:11.214"
"482","1577","1000","24","2021-04-15 02:42:11.214"
"483","1554","1001","59","2021-04-15 02:42:11.214"
"484","1628","998","20","2021-04-15 02:43:17.070"
"485","1625","999","26","2021-04-15 02:43:17.070"
"486","1635","1007","68","2021-04-15 02:43:26.632"
"487","1647","1005","120","2021-04-15 02:44:33.708"
"488","1641","1006","36","2021-04-15 02:44:33.708"
"489","1641","1006","10","2021-04-15 02:44:39.449"
"490","1657","1006","23","2021-04-15 02:44:39.449"
"491","1635","1007","303","2021-04-15 02:44:39.449"
"492","1660","1000","103","2021-04-15 02:44:41.410"
"493","1674","1005","54","2021-04-15 02:44:47.345"
"494","1668","1006","32","2021-04-15 02:44:47.345"
"495","1635","1007","78","2021-04-15 02:44:47.345"
"496","1675","1002","20","2021-04-15 02:44:49.884"
"497","1699","1007","27","2021-04-15 02:44:58.693"
"498","1686","1006","122","2021-04-15 02:44:58.693"
"499","1685","1005","37","2021-04-15 02:44:58.693"
"500","1687","1005","125","2021-04-15 02:44:58.693"
"501","1701","1004","26","2021-04-15 02:45:03.096"
"502","1702","1004","24","2021-04-15 02:45:03.096"
"503","1690","1010","57","2021-04-15 02:45:03.586"
"504","1725","1012","80","2021-04-15 02:45:21.488"
"505","1718","1013","49","2021-04-15 02:45:21.488"
"506","1743","1009","52","2021-04-15 02:45:59.263"
"507","1722","1007","39","2021-04-15 02:46:03.922"
"508","1755","1007","18","2021-04-15 02:46:03.922"
"509","1755","1007","31","2021-04-15 02:46:04.430"
"510","1757","1007","24","2021-04-15 02:46:04.430"
"511","1740","1012","56","2021-04-15 02:46:08.876"
"512","1756","1013","54","2021-04-15 02:46:20.491"
"513","1758","1013","53","2021-04-15 02:46:20.492"
"514","1758","1013","2","2021-04-15 02:46:23.927"
"515","1759","1013","49","2021-04-15 02:46:23.927"
"516","1785","1012","65","2021-04-15 02:46:33.415"
"517","1759","1013","21","2021-04-15 02:46:33.415"
"518","1794","1014","106","2021-04-15 02:46:38.209"
"519","1803","1011","41","2021-04-15 02:46:54.373"
"520","1804","1012","140","2021-04-15 02:46:54.373"
"521","1852","1015","56","2021-04-15 02:47:21.074"
"522","1851","1014","48","2021-04-15 02:47:21.074"
"523","1846","1013","29","2021-04-15 02:47:21.074"
"524","1835","1012","27","2021-04-15 02:47:21.074"
"525","1848","1012","38","2021-04-15 02:47:21.074"
"526","1829","1011","21","2021-04-15 02:47:21.074"
"527","1836","1011","31","2021-04-15 02:47:21.074"
"528","1837","1011","27","2021-04-15 02:47:21.074"
"529","1840","1011","42","2021-04-15 02:47:21.074"
"530","1815","1010","54","2021-04-15 02:47:21.074"
"531","1821","1010","30","2021-04-15 02:47:21.074"
"532","1823","1010","33","2021-04-15 02:47:21.074"
"533","1830","1010","25","2021-04-15 02:47:21.074"
"534","1808","1009","23","2021-04-15 02:47:21.074"
"535","1819","1009","26","2021-04-15 02:47:21.074"
"536","1788","1008","53","2021-04-15 02:47:21.074"
"537","1786","1007","35","2021-04-15 02:47:21.074"
"538","1806","1007","75","2021-04-15 02:47:21.074"
"539","1841","1021","102","2021-04-15 02:47:26.151"
"540","1858","1020","31","2021-04-15 02:47:30.097"
"541","1841","1021","39","2021-04-15 02:47:30.097"
"542","1870","1021","23","2021-04-15 02:47:44.452"
"543","1847","1022","61","2021-04-15 02:47:44.452"
"544","1877","1014","58","2021-04-15 02:47:51.643"
"545","1876","1011","66","2021-04-15 02:47:57.025"
"546","1874","1010","20","2021-04-15 02:47:57.026"
"547","1874","1010","6","2021-04-15 02:47:58.145"
"548","1871","1009","23","2021-04-15 02:47:58.145"
"549","1863","1008","289","2021-04-15 02:47:58.145"
"550","1854","1006","69","2021-04-15 02:47:58.145"
"551","1885","1013","35","2021-04-15 02:48:02.795"
"552","1891","1014","24","2021-04-15 02:48:13.976"
"553","1883","1015","38","2021-04-15 02:48:14.076"
"554","1883","1015","8","2021-04-15 02:48:14.591"
"555","1896","1015","35","2021-04-15 02:48:17.781"
"556","1896","1015","25","2021-04-15 02:48:19.747"
"557","1894","1014","1","2021-04-15 02:48:19.747"
"558","1893","1013","41","2021-04-15 02:48:19.747"
"559","1902","1011","52","2021-04-15 02:48:33.853"
"560","1924","1009","25","2021-04-15 02:48:39.620"
"561","1922","1008","53","2021-04-15 02:48:39.620"
"562","1934","1016","21","2021-04-15 02:48:46.043"
"563","1931","1017","30","2021-04-15 02:48:46.043"
"564","1936","1017","20","2021-04-15 02:48:46.771"
"565","1922","1008","56","2021-04-15 02:48:47.342"
"566","1940","1018","69","2021-04-15 02:48:49.157"
"567","1922","1008","218","2021-04-15 02:48:51.709"
"568","1923","1007","36","2021-04-15 02:48:51.709"
"569","1930","1007","110","2021-04-15 02:48:51.709"
"570","1932","1007","232","2021-04-15 02:48:51.709"
"571","1941","1007","28","2021-04-15 02:48:51.709"
"572","1945","1007","15","2021-04-15 02:48:51.709"
"573","1946","1007","20","2021-04-15 02:48:55.916"
"574","1950","1006","39","2021-04-15 02:48:55.916"
"575","1951","1006","17","2021-04-15 02:48:55.916"
"576","1953","1007","54","2021-04-15 02:48:57.524"
"577","1951","1006","25","2021-04-15 02:48:57.599"
"578","1951","1006","4","2021-04-15 02:48:59.037"
"579","1960","996","28","2021-04-15 02:49:03.391"
"580","1961","1005","22","2021-04-15 02:49:03.413"
"581","1957","1006","35","2021-04-15 02:49:03.413"
"582","1953","1007","52","2021-04-15 02:49:03.413"
"583","1958","1007","26","2021-04-15 02:49:03.413"
"584","1954","1008","51","2021-04-15 02:49:03.413"
"585","1969","996","40","2021-04-15 02:49:22.359"
"586","1970","997","63","2021-04-15 02:49:22.551"
"587","1976","996","45","2021-04-15 02:49:32.988"
"588","1970","997","27","2021-04-15 02:49:32.988"
"589","1968","998","20","2021-04-15 02:49:32.988"
"590","1972","998","34","2021-04-15 02:49:32.988"
"591","1965","999","68","2021-04-15 02:49:32.988"
"592","1981","998","51","2021-04-15 02:49:34.106"
"593","1981","998","25","2021-04-15 02:49:44.496"
"594","1988","999","25","2021-04-15 02:49:44.787"
"595","1992","999","35","2021-04-15 02:50:01.400"
"596","1998","999","38","2021-04-15 02:50:05.946"
"597","1990","1000","81","2021-04-15 02:50:13.828"
"598","2002","999","28","2021-04-15 02:50:15.129"
"599","2004","1001","20","2021-04-15 02:50:16.957"
"600","2017","1008","64","2021-04-15 02:50:24.006"
"601","2026","1009","21","2021-04-15 02:50:24.006"
"602","2030","1001","23","2021-04-15 02:50:30.824"
"603","2030","1001","63","2021-04-15 02:50:33.644"
"604","2030","1001","57","2021-04-15 02:50:34.800"
"605","2039","1002","40","2021-04-15 02:50:38.634"
"606","2030","1001","50","2021-04-15 02:50:38.634"
"607","2049","1003","55","2021-04-15 02:50:44.399"
"608","2044","1004","21","2021-04-15 02:50:44.399"
"609","2050","1004","40","2021-04-15 02:50:46.896"
"610","2059","1005","21","2021-04-15 02:50:48.051"
"611","2064","1005","38","2021-04-15 02:50:48.970"
"612","2043","1002","69","2021-04-15 02:50:58.510"
"613","2030","1001","345","2021-04-15 02:50:58.510"
"614","2030","1001","119","2021-04-15 02:51:01.192"
"615","2086","1002","21","2021-04-15 02:51:01.686"
"616","2096","1001","59","2021-04-15 02:51:04.532"
"617","2099","1005","42","2021-04-15 02:51:06.793"
"618","2094","1006","13","2021-04-15 02:51:06.793"
"619","2104","1004","29","2021-04-15 02:51:10.511"
"620","2103","1003","26","2021-04-15 02:51:10.511"
"621","2107","1003","18","2021-04-15 02:51:10.511"
"622","2121","1005","34","2021-04-15 02:51:13.148"
"623","2123","1005","40","2021-04-15 02:51:13.397"
"624","2123","1005","207","2021-04-15 02:51:14.023"
"625","2123","1005","44","2021-04-15 02:51:14.561"
"626","2118","1004","27","2021-04-15 02:51:15.489"
"627","2118","1004","112","2021-04-15 02:51:16.800"
"628","2107","1003","22","2021-04-15 02:51:16.801"
"629","2108","1003","22","2021-04-15 02:51:16.801"
"630","2129","1003","27","2021-04-15 02:51:16.801"
"631","2102","1002","65","2021-04-15 02:51:28.900"
"632","2096","1001","5","2021-04-15 02:51:28.900"
"633","2157","1005","94","2021-04-15 02:51:30.706"
"634","2158","1003","25","2021-04-15 02:51:42.461"
"635","2156","1002","84","2021-04-15 02:51:42.461"
"636","2096","1001","36","2021-04-15 02:51:42.461"
"637","2152","1001","31","2021-04-15 02:51:42.461"
"638","2029","1000","10","2021-04-15 02:51:42.461"
"639","2114","1006","70","2021-04-15 02:51:45.920"
"640","2174","1001","34","2021-04-15 02:52:34.958"
"641","2029","1000","43","2021-04-15 02:52:34.958"
"642","2034","1000","36","2021-04-15 02:52:34.958"
"643","2035","1000","12","2021-04-15 02:52:34.958"
"644","2175","1005","54","2021-04-15 02:52:37.687"
"645","2214","998","39","2021-04-15 02:53:14.096"
"646","2209","999","63","2021-04-15 02:53:14.096"
"647","2231","995","32","2021-04-15 02:53:19.956"
"648","2239","996","60","2021-04-15 02:53:26.695"
"649","2247","998","47","2021-04-15 02:53:29.695"
"650","2247","998","1","2021-04-15 02:53:29.750"
"651","2251","998","41","2021-04-15 02:53:30.701"
"652","2251","998","49","2021-04-15 02:53:31.245"
"653","2259","997","30","2021-04-15 02:53:33.385"
"654","2262","994","133","2021-04-15 02:53:39.064"
"655","2276","989","23","2021-04-15 02:53:49.151"
"656","2293","987","25","2021-04-15 02:54:14.702"
"657","2310","992","22","2021-04-15 02:54:52.575"
"658","2320","993","24","2021-04-15 02:55:04.054"
"659","2319","994","22","2021-04-15 02:55:04.054"
"660","2322","994","53","2021-04-15 02:55:04.054"
"661","2312","995","28","2021-04-15 02:55:04.054"
"662","2292","996","16","2021-04-15 02:55:04.054"
"663","2327","995","27","2021-04-15 02:55:07.302"
"664","2292","996","45","2021-04-15 02:55:07.626"
"665","2327","995","5","2021-04-15 02:55:07.797"
"666","2328","994","20","2021-04-15 02:55:07.859"
"667","2332","995","56","2021-04-15 02:55:18.138"
"668","2340","994","27","2021-04-15 02:55:25.015"
"669","2345","986","52","2021-04-15 02:55:44.502"
"670","2344","985","30","2021-04-15 02:55:44.502"
"671","2347","985","63","2021-04-15 02:55:44.502"
"672","2349","985","47","2021-04-15 02:55:44.502"
"673","2354","985","38","2021-04-15 02:55:44.502"
"674","2385","991","42","2021-04-15 02:56:21.915"
"675","2377","992","51","2021-04-15 02:56:21.915"
"676","2400","990","21","2021-04-15 02:56:40.678"
"677","2399","991","50","2021-04-15 02:56:40.678"
"678","2377","992","37","2021-04-15 02:56:40.678"
"679","2376","993","39","2021-04-15 02:56:40.678"
"680","2375","994","43","2021-04-15 02:56:40.678"
"681","2338","995","45","2021-04-15 02:56:40.678"
"682","2292","996","5","2021-04-15 02:56:40.678"
"683","2346","996","26","2021-04-15 02:56:40.678"
"684","2402","995","68","2021-04-15 02:56:49.728"
"685","2408","995","44","2021-04-15 02:56:54.442"
"686","2346","996","19","2021-04-15 02:56:54.442"
"687","2373","996","119","2021-04-15 02:56:54.442"
"688","2411","995","47","2021-04-15 02:56:57.697"
"689","2413","995","20","2021-04-15 02:56:58.428"
"690","2413","995","37","2021-04-15 02:56:59.440"
"691","2417","994","71","2021-04-15 02:57:01.030"
"692","2407","993","43","2021-04-15 02:57:01.030"
"693","2428","995","23","2021-04-15 02:57:09.997"
"694","2373","996","31","2021-04-15 02:57:09.997"
"695","2421","996","24","2021-04-15 02:57:09.997"
"696","2429","996","29","2021-04-15 02:57:09.997"
"697","2431","996","23","2021-04-15 02:57:09.997"
"698","2268","997","38","2021-04-15 02:57:09.997"
"699","2280","997","21","2021-04-15 02:57:09.997"
"700","2283","997","36","2021-04-15 02:57:09.997"
"701","2410","997","36","2021-04-15 02:57:09.997"
"702","2273","998","121","2021-04-15 02:57:09.997"
"703","2273","998","204","2021-04-15 02:57:18.780"
"704","2443","998","54","2021-04-15 02:57:18.780"
"705","2437","999","16","2021-04-15 02:57:18.780"
"706","2448","991","35","2021-04-15 02:57:19.366"
"707","2449","991","56","2021-04-15 02:57:19.366"
"708","2452","991","47","2021-04-15 02:57:19.366"
"709","2434","990","30","2021-04-15 02:57:19.366"
"710","2424","989","62","2021-04-15 02:57:19.366"
"711","2477","997","64","2021-04-15 02:57:38.202"
"712","2483","995","20","2021-04-15 02:57:39.986"
"713","2478","994","49","2021-04-15 02:57:39.986"
"714","2489","996","32","2021-04-15 02:57:49.472"
"715","2477","997","7","2021-04-15 02:57:49.472"
"716","2458","998","24","2021-04-15 02:57:49.472"
"717","2479","998","1","2021-04-15 02:57:49.472"
"718","2495","995","39","2021-04-15 02:57:49.751"
"719","2493","994","83","2021-04-15 02:57:49.751"
"720","2491","993","26","2021-04-15 02:57:49.751"
"721","2503","999","99","2021-04-15 02:57:54.892"
"722","2507","992","445","2021-04-15 02:57:55.702"
"723","2504","991","36","2021-04-15 02:57:55.702"
"724","2499","990","22","2021-04-15 02:57:55.702"
"725","2506","990","963","2021-04-15 02:57:55.702"
"726","2500","989","67","2021-04-15 02:57:55.702"
"727","2516","996","56","2021-04-15 02:57:59.213"
"728","2513","995","27","2021-04-15 02:58:01.248"
"729","2531","992","35","2021-04-15 02:58:24.526"
"730","2529","991","32","2021-04-15 02:58:24.526"
"731","2544","990","92","2021-04-15 02:58:48.932"
"732","2522","989","30","2021-04-15 02:58:48.932"
"733","2548","989","25","2021-04-15 02:58:48.932"
"734","2524","988","38","2021-04-15 02:58:51.895"
"735","2554","988","79","2021-04-15 02:58:51.895"
"736","2551","994","33","2021-04-15 02:58:54.231"
"737","2547","995","32","2021-04-15 02:58:54.231"
"738","2561","994","22","2021-04-15 02:58:57.640"
"739","2564","994","3","2021-04-15 02:58:59.316"
"740","2563","993","103","2021-04-15 02:58:59.316"
"741","2567","985","36","2021-04-15 02:59:01.375"
"742","2575","993","42","2021-04-15 02:59:12.527"
"743","2590","985","75","2021-04-15 02:59:43.823"
"744","2600","981","21","2021-04-15 02:59:56.734"
"745","2605","990","67","2021-04-15 03:00:01.922"
"746","2604","989","34","2021-04-15 03:00:05.064"
"747","2609","989","20","2021-04-15 03:00:05.515"
"748","2608","988","21","2021-04-15 03:00:12.525"
"749","2622","989","23","2021-04-15 03:00:21.481"
"750","2608","988","36","2021-04-15 03:00:25.315"
"751","2608","988","119","2021-04-15 03:00:27.723"
"752","2614","987","64","2021-04-15 03:00:27.723"
"753","2599","991","36","2021-04-15 03:00:32.710"
"754","2607","991","21","2021-04-15 03:00:32.710"
"755","2652","990","53","2021-04-15 03:00:52.449"
"756","2643","989","34","2021-04-15 03:00:53.335"
"757","2662","984","164","2021-04-15 03:01:07.743"
"758","2659","983","21","2021-04-15 03:01:07.743"
"759","2663","983","64","2021-04-15 03:01:07.743"
"760","2661","982","64","2021-04-15 03:01:07.743"
"761","2668","984","36","2021-04-15 03:01:13.200"
"762","2607","991","12","2021-04-15 03:01:19.915"
"763","2658","991","22","2021-04-15 03:01:19.915"
"764","2664","991","17","2021-04-15 03:01:19.915"
"765","2680","990","70","2021-04-15 03:02:01.678"
"766","2694","987","48","2021-04-15 03:02:54.123"
"767","2692","986","8","2021-04-15 03:02:54.123"
"768","2692","986","26","2021-04-15 03:02:54.178"
"769","2696","986","31","2021-04-15 03:02:54.178"
"770","2697","986","19","2021-04-15 03:02:54.178"
"771","2697","986","36","2021-04-15 03:02:54.319"
"772","2691","985","19","2021-04-15 03:02:54.319"
"773","2664","991","8","2021-04-15 03:02:56.842"
"774","2695","991","20","2021-04-15 03:02:56.842"
"775","2597","992","24","2021-04-15 03:02:56.842"
"776","2649","992","5","2021-04-15 03:02:56.842"
"777","2649","992","71","2021-04-15 03:03:00.163"
"778","2708","987","41","2021-04-15 03:03:23.371"
"779","2701","986","12","2021-04-15 03:03:23.371"
"780","2716","990","179","2021-04-15 03:03:24.936"
"781","2715","991","28","2021-04-15 03:03:24.936"
"782","2719","991","85","2021-04-15 03:03:24.936"
"783","2649","992","27","2021-04-15 03:03:24.936"
"784","2651","992","28","2021-04-15 03:03:24.936"
"785","2678","992","4","2021-04-15 03:03:24.936"
"786","2701","986","59","2021-04-15 03:03:30.154"
"787","2711","986","28","2021-04-15 03:03:30.154"
"788","2678","992","21","2021-04-15 03:03:33.754"
"789","2703","992","66","2021-04-15 03:03:33.754"
"790","2730","990","142","2021-04-15 03:03:45.591"
"791","2729","991","22","2021-04-15 03:03:45.591"
"792","2734","991","29","2021-04-15 03:03:45.591"
"793","2735","991","29","2021-04-15 03:03:45.591"
"794","2703","992","10","2021-04-15 03:03:45.591"
"795","2598","993","23","2021-04-15 03:03:45.591"
"796","2709","993","36","2021-04-15 03:03:45.591"
"797","2710","993","176","2021-04-15 03:03:45.591"
"798","2714","993","44","2021-04-15 03:03:45.591"
"799","2727","993","21","2021-04-15 03:03:45.591"
"800","2593","994","21","2021-04-15 03:03:45.591"
"801","2558","995","21","2021-04-15 03:03:45.591"
"802","2745","993","26","2021-04-15 03:03:55.874"
"803","2744","994","29","2021-04-15 03:03:55.874"
"804","2759","987","82","2021-04-15 03:04:15.514"
"805","2759","987","31","2021-04-15 03:04:21.565"
"806","2741","984","35","2021-04-15 03:04:30.922"
"807","2742","984","103","2021-04-15 03:04:30.922"
"808","2757","984","65","2021-04-15 03:04:30.922"
"809","2773","984","35","2021-04-15 03:04:30.922"
"810","2775","983","37","2021-04-15 03:04:30.922"
"811","2759","987","178","2021-04-15 03:04:33.821"
"812","2778","985","62","2021-04-15 03:04:35.164"
"813","2788","985","28","2021-04-15 03:04:38.424"
"814","2783","986","91","2021-04-15 03:04:38.424"
"815","2800","984","34","2021-04-15 03:04:46.072"
"816","2797","985","58","2021-04-15 03:04:46.261"
"817","2797","985","64","2021-04-15 03:04:47.626"
"818","2797","985","40","2021-04-15 03:04:50.258"
"819","2797","985","27","2021-04-15 03:04:57.697"
"820","2800","984","9","2021-04-15 03:04:57.755"
"821","2795","983","26","2021-04-15 03:05:06.039"
"822","2797","985","30","2021-04-15 03:05:10.863"
"823","2825","984","22","2021-04-15 03:05:13.148"
"824","2795","983","1","2021-04-15 03:05:13.148"
"825","2806","983","38","2021-04-15 03:05:13.148"
"826","2826","983","30","2021-04-15 03:05:13.148"
"827","2826","983","21","2021-04-15 03:05:13.638"
"828","2830","984","56","2021-04-15 03:05:14.374"
"829","2797","985","35","2021-04-15 03:05:15.507"
"830","2797","985","41","2021-04-15 03:05:16.739"
"831","2809","985","29","2021-04-15 03:05:16.739"
"832","2783","986","25","2021-04-15 03:05:25.232"
"833","2840","987","20","2021-04-15 03:05:25.232"
"834","2753","989","23","2021-04-15 03:05:25.232"
"835","2833","984","28","2021-04-15 03:05:35.909"
"836","2794","981","23","2021-04-15 03:05:35.909"
"837","2868","985","26","2021-04-15 03:06:02.153"
"838","2867","986","21","2021-04-15 03:06:02.153"
"839","2865","987","30","2021-04-15 03:06:02.154"
"840","2864","988","44","2021-04-15 03:06:02.154"
"841","2866","988","68","2021-04-15 03:06:02.154"
"842","2855","989","31","2021-04-15 03:06:20.595"
"843","2858","990","38","2021-04-15 03:06:20.595"
"844","2877","979","31","2021-04-15 03:06:24.708"
"845","2881","978","99","2021-04-15 03:06:24.708"
"846","2882","978","44","2021-04-15 03:06:24.708"
"847","2895","988","104","2021-04-15 03:06:47.527"
"848","2895","988","96","2021-04-15 03:06:47.902"
"849","2879","989","105","2021-04-15 03:06:47.902"
"850","2890","989","21","2021-04-15 03:06:47.902"
"851","2858","990","122","2021-04-15 03:06:47.902"
"852","2859","990","11","2021-04-15 03:06:47.902"
"853","2912","989","24","2021-04-15 03:07:24.821"
"854","2859","990","10","2021-04-15 03:07:24.821"
"855","2908","991","23","2021-04-15 03:07:24.821"
"856","2911","991","26","2021-04-15 03:07:24.821"
"857","2889","984","22","2021-04-15 03:07:41.196"
"858","2901","983","22","2021-04-15 03:07:41.196"
"859","2904","983","23","2021-04-15 03:07:41.196"
"860","2921","992","20","2021-04-15 03:07:51.280"
"861","2930","993","22","2021-04-15 03:07:51.280"
"862","2934","993","50","2021-04-15 03:07:51.280"
"863","2919","995","135","2021-04-15 03:07:51.280"
"864","2933","984","33","2021-04-15 03:07:52.217"
"865","2904","983","25","2021-04-15 03:07:52.217"
"866","2939","993","24","2021-04-15 03:07:59.400"
"867","2940","994","38","2021-04-15 03:07:59.400"
"868","2957","988","26","2021-04-15 03:08:13.043"
"869","2954","989","22","2021-04-15 03:08:13.043"
"870","2927","982","133","2021-04-15 03:08:14.948"
"871","2966","984","32","2021-04-15 03:08:32.731"
"872","2962","983","23","2021-04-15 03:08:32.731"
"873","2927","982","109","2021-04-15 03:08:32.731"
"874","2964","993","55","2021-04-15 03:08:37.774"
"875","2927","982","128","2021-04-15 03:08:59.300"
"876","2927","982","65","2021-04-15 03:09:00.646"
"877","2932","982","4","2021-04-15 03:09:00.646"
"878","2983","991","20","2021-04-15 03:09:03.529"
"879","2975","992","33","2021-04-15 03:09:03.529"
"880","2964","993","41","2021-04-15 03:09:03.529"
"881","2993","991","30","2021-04-15 03:09:18.553"
"882","2986","992","75","2021-04-15 03:09:18.553"
"883","2999","983","59","2021-04-15 03:09:26.253"
"884","2932","982","81","2021-04-15 03:09:26.253"
"885","3010","987","33","2021-04-15 03:09:38.714"
"886","3008","988","21","2021-04-15 03:09:38.714"
"887","3008","988","15","2021-04-15 03:09:42.737"
"888","3012","988","31","2021-04-15 03:09:42.737"
"889","3002","984","42","2021-04-15 03:09:44.003"
"890","3022","983","28","2021-04-15 03:09:44.003"
"891","3025","988","21","2021-04-15 03:09:50.364"
"892","3047","987","74","2021-04-15 03:10:00.665"
"893","3046","988","68","2021-04-15 03:10:00.665"
"894","3048","988","168","2021-04-15 03:10:00.665"
"895","3048","988","59","2021-04-15 03:10:02.339"
"896","3045","985","60","2021-04-15 03:10:09.553"
"897","3048","988","59","2021-04-15 03:10:17.170"
"898","3071","987","20","2021-04-15 03:10:37.740"
"899","3076","987","28","2021-04-15 03:10:45.509"
"900","3065","986","30","2021-04-15 03:10:45.509"
"901","3084","986","29","2021-04-15 03:10:50.174"
"902","3082","987","41","2021-04-15 03:10:50.174"
"903","3082","987","31","2021-04-15 03:10:50.722"
"904","3048","988","275","2021-04-15 03:10:50.722"
"905","3053","988","320","2021-04-15 03:11:01.644"
"906","3061","988","22","2021-04-15 03:11:01.644"
"907","3062","988","45","2021-04-15 03:11:01.644"
"908","3072","988","23","2021-04-15 03:11:01.644"
"909","3091","989","34","2021-04-15 03:11:01.644"
"910","3101","986","23","2021-04-15 03:11:14.200"
"911","3066","985","21","2021-04-15 03:11:19.437"
"912","3070","985","40","2021-04-15 03:11:19.437"
"913","3073","985","76","2021-04-15 03:11:19.437"
"914","3074","985","101","2021-04-15 03:11:19.437"
"915","3075","985","22","2021-04-15 03:11:19.437"
"916","3102","985","37","2021-04-15 03:11:19.437"
"917","3104","985","44","2021-04-15 03:11:19.437"
"918","3106","985","41","2021-04-15 03:11:19.437"
"919","3099","984","34","2021-04-15 03:11:19.437"
"920","3112","993","51","2021-04-15 03:11:29.684"
"921","3111","994","24","2021-04-15 03:11:30.417"
"922","3113","995","27","2021-04-15 03:11:59.780"
"923","3123","999","25","2021-04-15 03:12:02.010"
"924","3112","993","8","2021-04-15 03:12:04.940"
"925","3129","1003","90","2021-04-15 03:12:18.864"
"926","3135","996","52","2021-04-15 03:12:27.135"
"927","3137","997","25","2021-04-15 03:12:27.356"
"928","3135","996","37","2021-04-15 03:12:38.970"
"929","3138","995","21","2021-04-15 03:12:38.970"
"930","3169","998","61","2021-04-15 03:13:10.289"
"931","3171","996","126","2021-04-15 03:13:11.066"
"932","3181","986","65","2021-04-15 03:13:24.357"
"933","3189","996","26","2021-04-15 03:13:38.687"
"934","3189","996","121","2021-04-15 03:13:54.759"
"935","3192","995","48","2021-04-15 03:14:03.652"
"936","3195","994","41","2021-04-15 03:14:03.652"
"937","3203","993","25","2021-04-15 03:14:30.574"
"938","3204","992","26","2021-04-15 03:14:30.574"
"939","3207","992","3","2021-04-15 03:14:30.574"
"940","3222","995","113","2021-04-15 03:14:45.533"
"941","3221","996","29","2021-04-15 03:14:51.539"
"942","3224","996","30","2021-04-15 03:14:51.539"
"943","3239","995","20","2021-04-15 03:14:55.431"
"944","3239","995","14","2021-04-15 03:14:55.829"
"945","3224","996","8","2021-04-15 03:14:57.685"
"946","3183","997","23","2021-04-15 03:14:57.686"
"947","3194","997","24","2021-04-15 03:14:57.686"
"948","3241","995","18","2021-04-15 03:15:01.810"
"949","3216","994","34","2021-04-15 03:15:01.810"
"950","3243","994","124","2021-04-15 03:15:01.810"
"951","3210","992","53","2021-04-15 03:15:01.810"
"952","3231","997","20","2021-04-15 03:15:03.048"
"953","3169","998","50","2021-04-15 03:15:03.048"
"954","3214","998","25","2021-04-15 03:15:03.048"
"955","3217","998","116","2021-04-15 03:15:03.048"
"956","3217","998","49","2021-04-15 03:15:03.741"
"957","3245","998","78","2021-04-15 03:15:03.741"
"958","3163","999","2","2021-04-15 03:15:03.741"
"959","3259","990","23","2021-04-15 03:15:08.261"
"960","3262","997","24","2021-04-15 03:15:15.451"
"961","3265","997","21","2021-04-15 03:15:18.665"
"962","3267","997","42","2021-04-15 03:15:19.117"
"963","3267","997","35","2021-04-15 03:15:20.478"
"964","3264","996","21","2021-04-15 03:15:22.215"
"965","3269","998","21","2021-04-15 03:15:23.896"
"966","3277","997","87","2021-04-15 03:15:27.239"
"967","3289","997","24","2021-04-15 03:15:37.534"
"968","3264","996","1","2021-04-15 03:15:37.534"
"969","3279","996","37","2021-04-15 03:15:37.534"
"970","3280","996","24","2021-04-15 03:15:37.534"
"971","3275","995","22","2021-04-15 03:15:37.534"
"972","3284","995","40","2021-04-15 03:15:37.534"
"973","3258","999","62","2021-04-15 03:15:55.002"
"974","3298","999","77","2021-04-15 03:16:07.264"
"975","3312","994","21","2021-04-15 03:16:15.544"
"976","3309","993","49","2021-04-15 03:16:15.544"
"977","3317","997","22","2021-04-15 03:16:24.157"
"978","3316","998","31","2021-04-15 03:16:24.157"
"979","3298","999","42","2021-04-15 03:16:24.157"
"980","3323","998","42","2021-04-15 03:16:27.869"
"981","3301","999","118","2021-04-15 03:16:27.869"
"982","3324","999","37","2021-04-15 03:16:27.869"
"983","3296","1000","36","2021-04-15 03:16:27.869"
"984","3296","1000","60","2021-04-15 03:16:29.380"
"985","3327","994","29","2021-04-15 03:16:39.851"
"986","3309","993","37","2021-04-15 03:16:39.851"
"987","3337","995","79","2021-04-15 03:16:50.894"
"988","3346","996","53","2021-04-15 03:16:55.005"
"989","3337","995","27","2021-04-15 03:16:55.005"
"990","3352","996","36","2021-04-15 03:17:06.118"
"991","3337","995","62","2021-04-15 03:17:06.118"
"992","3337","995","22","2021-04-15 03:17:08.510"
"993","3336","994","21","2021-04-15 03:17:10.408"
"994","3331","993","29","2021-04-15 03:17:10.408"
"995","3321","992","20","2021-04-15 03:17:10.408"
"996","3356","995","24","2021-04-15 03:17:12.957"
"997","3355","996","43","2021-04-15 03:17:12.957"
"998","3357","996","22","2021-04-15 03:17:12.957"
"999","3350","997","44","2021-04-15 03:17:12.957"
"1000","3342","998","134","2021-04-15 03:17:12.957"
"1001","3351","998","39","2021-04-15 03:17:12.957"
"1002","3353","998","88","2021-04-15 03:17:12.957"
"1003","3335","999","88","2021-04-15 03:17:12.957"
"1004","3349","999","26","2021-04-15 03:17:12.957"
"1005","3296","1000","235","2021-04-15 03:17:12.957"
"1006","3310","1000","70","2021-04-15 03:17:12.957"
"1007","3314","1000","60","2021-04-15 03:17:12.957"
"1008","3315","1000","86","2021-04-15 03:17:12.957"
"1009","3340","1000","21","2021-04-15 03:17:12.957"
"1010","3341","1000","35","2021-04-15 03:17:12.957"
"1011","3330","1001","49","2021-04-15 03:17:12.957"
"1012","3364","999","67","2021-04-15 03:17:16.518"
"1013","3364","999","57","2021-04-15 03:17:17.534"
"1014","3370","1000","28","2021-04-15 03:17:31.021"
"1015","3364","999","62","2021-04-15 03:17:31.021"
"1016","3363","998","43","2021-04-15 03:17:31.021"
"1017","3368","998","17","2021-04-15 03:17:31.021"
"1018","3390","1008","35","2021-04-15 03:18:19.730"
"1019","3394","1008","27","2021-04-15 03:18:19.730"
"1020","3369","998","115","2021-04-15 03:18:20.750"
"1021","3369","998","255","2021-04-15 03:18:21.365"
"1022","3409","1005","64","2021-04-15 03:18:28.144"
"1023","3410","1006","207","2021-04-15 03:18:28.144"
"1024","3417","1004","63","2021-04-15 03:18:34.867"
"1025","3428","1001","25","2021-04-15 03:18:51.456"
"1026","3430","1001","21","2021-04-15 03:18:52.230"
"1027","3430","1001","4","2021-04-15 03:18:56.485"
"1028","3407","999","27","2021-04-15 03:19:00.681"
"1029","3420","999","358","2021-04-15 03:19:00.681"
"1030","3427","999","37","2021-04-15 03:19:00.681"
"1031","3438","999","82","2021-04-15 03:19:00.908"
"1032","3369","998","28","2021-04-15 03:19:01.418"
"1033","3375","998","8","2021-04-15 03:19:01.418"
"1034","3435","1001","17","2021-04-15 03:19:45.421"
"1035","3450","1001","21","2021-04-15 03:19:45.421"
"1036","3454","1002","42","2021-04-15 03:19:45.421"
"1037","3469","1000","21","2021-04-15 03:20:05.636"
"1038","3487","999","27","2021-04-15 03:20:17.081"
"1039","3482","1000","44","2021-04-15 03:20:17.081"
"1040","3489","1000","72","2021-04-15 03:20:17.081"
"1041","3489","1000","97","2021-04-15 03:20:18.070"
"1042","3490","1000","44","2021-04-15 03:20:18.070"
"1043","3491","1000","15","2021-04-15 03:20:18.070"
"1044","3513","999","27","2021-04-15 03:21:44.486"
"1045","3502","998","25","2021-04-15 03:21:44.486"
"1046","3503","997","15","2021-04-15 03:21:44.486"
"1047","3518","999","32","2021-04-15 03:21:55.438"
"1048","3516","1000","93","2021-04-15 03:21:55.438"
"1049","3500","1001","28","2021-04-15 03:21:55.438"
"1050","3478","1002","24","2021-04-15 03:21:55.438"
"1051","3501","1002","17","2021-04-15 03:21:55.438"
"1052","3503","997","13","2021-04-15 03:21:57.823"
"1053","3488","996","22","2021-04-15 03:21:57.823"
"1054","3517","996","23","2021-04-15 03:21:57.823"
"1055","3514","1002","25","2021-04-15 03:22:28.474"
"1056","3529","1003","32","2021-04-15 03:22:28.474"
"1057","3529","1003","40","2021-04-15 03:22:39.506"
"1058","3533","1003","87","2021-04-15 03:22:39.506"
"1059","3542","999","63","2021-04-15 03:22:39.688"
"1060","3543","998","21","2021-04-15 03:22:43.435"
"1061","3558","1002","58","2021-04-15 03:22:51.929"
"1062","3559","1003","39","2021-04-15 03:22:51.929"
"1063","3559","1003","51","2021-04-15 03:23:08.711"
"1064","3559","1003","30","2021-04-15 03:23:08.963"
"1065","3566","1002","30","2021-04-15 03:23:15.835"
"1066","3564","1001","21","2021-04-15 03:23:15.835"
"1067","3567","1001","14","2021-04-15 03:23:15.835"
"1068","3576","1002","59","2021-04-15 03:23:24.690"
"1069","3576","1002","9","2021-04-15 03:23:24.832"
"1070","3585","1002","25","2021-04-15 03:23:43.691"
"1071","3567","1001","13","2021-04-15 03:23:43.691"
"1072","3556","998","33","2021-04-15 03:23:43.691"
"1073","3595","1002","44","2021-04-15 03:24:04.383"
"1074","3559","1003","40","2021-04-15 03:24:04.383"
"1075","3575","1004","21","2021-04-15 03:24:13.554"
"1076","3605","1004","39","2021-04-15 03:24:13.554"
"1077","3632","1011","87","2021-04-15 03:24:18.856"
"1078","3626","1000","60","2021-04-15 03:24:23.130"
"1079","3622","999","39","2021-04-15 03:24:23.130"
"1080","3609","998","134","2021-04-15 03:24:23.130"
"1081","3638","1013","21","2021-04-15 03:24:24.891"
"1082","3647","1010","684","2021-04-15 03:24:32.519"
"1083","3644","1009","23","2021-04-15 03:24:32.519"
"1084","3637","1008","26","2021-04-15 03:24:32.519"
"1085","3639","1007","31","2021-04-15 03:24:32.519"
"1086","3643","1007","25","2021-04-15 03:24:32.519"
"1087","3655","1013","47","2021-04-15 03:24:42.683"
"1088","3659","1014","41","2021-04-15 03:24:46.813"
"1089","3663","1015","14","2021-04-15 03:24:46.813"
"1090","3663","1015","21","2021-04-15 03:24:48.407"
"1091","3665","1016","31","2021-04-15 03:24:48.407"
"1092","3667","1014","91","2021-04-15 03:24:59.795"
"1093","3662","1013","100","2021-04-15 03:25:00.508"
"1094","3676","1014","24","2021-04-15 03:25:00.992"
"1095","3676","1014","22","2021-04-15 03:25:02.308"
"1096","3676","1014","36","2021-04-15 03:25:03.290"
"1097","3662","1013","28","2021-04-15 03:25:04.051"
"1098","3676","1014","57","2021-04-15 03:25:05.449"
"1099","3693","1011","21","2021-04-15 03:25:15.111"
"1100","3693","1011","55","2021-04-15 03:25:16.280"
"1101","3692","1012","48","2021-04-15 03:25:16.375"
"1102","3693","1011","116","2021-04-15 03:25:18.406"
"1103","3693","1011","93","2021-04-15 03:25:19.638"
"1104","3706","1012","50","2021-04-15 03:25:21.015"
"1105","3716","1014","33","2021-04-15 03:25:32.730"
"1106","3712","1013","22","2021-04-15 03:25:32.730"
"1107","3726","1016","60","2021-04-15 03:25:40.739"
"1108","3725","1017","27","2021-04-15 03:25:40.739"
"1109","3717","1013","24","2021-04-15 03:25:43.914"
"1110","3706","1012","25","2021-04-15 03:25:43.914"
"1111","3714","1012","27","2021-04-15 03:25:43.914"
"1112","3725","1017","24","2021-04-15 03:25:53.665"
"1113","3742","1024","38","2021-04-15 03:25:56.248"
"1114","3747","1016","59","2021-04-15 03:26:04.521"
"1115","3758","1024","97","2021-04-15 03:26:16.717"
"1116","3762","1027","52","2021-04-15 03:26:32.018"
"1117","3770","1020","29","2021-04-15 03:26:50.625"
"1118","3760","1019","48","2021-04-15 03:26:50.625"
"1119","3764","1018","23","2021-04-15 03:26:50.625"
"1120","3766","1018","28","2021-04-15 03:26:50.625"
"1121","3768","1018","23","2021-04-15 03:26:50.625"
"1122","3755","1017","57","2021-04-15 03:26:50.625"
"1123","3745","1015","22","2021-04-15 03:26:50.625"
"1124","3749","1015","49","2021-04-15 03:26:50.625"
"1125","3740","1014","29","2021-04-15 03:26:50.625"
"1126","3736","1013","14","2021-04-15 03:26:50.625"
"1127","3769","1029","81","2021-04-15 03:26:57.584"
"1128","3772","1014","23","2021-04-15 03:27:01.348"
"1129","3736","1013","86","2021-04-15 03:27:01.348"
"1130","3736","1013","21","2021-04-15 03:27:01.580"
"1131","3714","1012","158","2021-04-15 03:27:01.580"
"1132","3790","1022","54","2021-04-15 03:27:09.886"
"1133","3788","1023","27","2021-04-15 03:27:10.655"
"1134","3788","1023","61","2021-04-15 03:27:10.971"
"1135","3790","1022","21","2021-04-15 03:27:10.998"
"1136","3806","1021","40","2021-04-15 03:27:35.598"
"1137","3796","1022","3","2021-04-15 03:27:35.598"
"1138","3807","1022","24","2021-04-15 03:27:35.598"
"1139","3785","1024","82","2021-04-15 03:27:35.598"
"1140","3785","1024","32","2021-04-15 03:27:36.854"
"1141","3792","1024","26","2021-04-15 03:27:36.854"
"1142","3810","1023","20","2021-04-15 03:27:39.103"
"1143","3792","1024","114","2021-04-15 03:27:39.103"
"1144","3794","1024","94","2021-04-15 03:27:39.103"
"1145","3814","1023","51","2021-04-15 03:28:09.318"
"1146","3817","1024","16","2021-04-15 03:28:09.318"
"1147","3822","1019","86","2021-04-15 03:28:12.365"
"1148","3831","1023","26","2021-04-15 03:28:31.614"
"1149","3836","1022","30","2021-04-15 03:28:32.375"
"1150","3838","1022","28","2021-04-15 03:28:33.587"
"1151","3842","1022","33","2021-04-15 03:28:35.102"
"1152","3828","1021","22","2021-04-15 03:28:35.102"
"1153","3828","1021","3","2021-04-15 03:28:38.637"
"1154","3832","1021","45","2021-04-15 03:28:38.637"
"1155","3843","1021","34","2021-04-15 03:28:38.637"
"1156","3839","1020","24","2021-04-15 03:28:38.637"
"1157","3848","1020","46","2021-04-15 03:28:38.637"
"1158","3854","1018","24","2021-04-15 03:28:44.377"
"1159","3831","1023","63","2021-04-15 03:28:47.152"
"1160","3831","1023","229","2021-04-15 03:28:47.465"
"1161","3873","1023","64","2021-04-15 03:28:55.827"
"1162","3876","1022","32","2021-04-15 03:28:56.219"
"1163","3878","1022","66","2021-04-15 03:29:00.219"
"1164","3873","1023","101","2021-04-15 03:29:00.219"
"1165","3883","1022","39","2021-04-15 03:29:04.741"
"1166","3885","1022","86","2021-04-15 03:29:05.236"
"1167","3882","1021","30","2021-04-15 03:29:05.236"
"1168","3892","1022","26","2021-04-15 03:29:11.408"
"1169","3892","1022","11","2021-04-15 03:29:13.597"
"1170","3902","1021","28","2021-04-15 03:29:18.587"
"1171","3901","1022","38","2021-04-15 03:29:18.587"
"1172","3873","1023","115","2021-04-15 03:29:18.587"
"1173","3926","1017","39","2021-04-15 03:29:42.773"
"1174","3922","1016","13","2021-04-15 03:29:42.773"
"1175","3945","1018","27","2021-04-15 03:30:00.947"
"1176","3959","1017","49","2021-04-15 03:30:16.848"
"1177","3953","1018","68","2021-04-15 03:30:16.848"
"1178","3961","1018","11","2021-04-15 03:30:16.848"
"1179","3939","1016","33","2021-04-15 03:30:53.452"
"1180","3941","1016","41","2021-04-15 03:30:53.452"
"1181","3970","1016","39","2021-04-15 03:31:09.729"
"1182","3921","1015","33","2021-04-15 03:31:10.698"
"1183","3925","1015","201","2021-04-15 03:31:10.698"
"1184","3963","1015","37","2021-04-15 03:31:10.698"
"1185","3968","1015","132","2021-04-15 03:31:10.698"
"1186","3915","1014","27","2021-04-15 03:31:11.300"
"1187","3938","1014","2","2021-04-15 03:31:11.300"
"1188","3938","1014","20","2021-04-15 03:31:11.753"
"1189","4000","1011","72","2021-04-15 03:31:42.141"
"1190","3996","1010","67","2021-04-15 03:31:53.784"
"1191","4001","1010","28","2021-04-15 03:31:53.784"
"1192","4031","1012","37","2021-04-15 03:32:23.319"
"1193","4045","1009","35","2021-04-15 03:32:58.110"
"1194","4051","1011","39","2021-04-15 03:33:55.077"
"1195","4051","1011","12","2021-04-15 03:33:57.957"
"1196","4066","1011","9","2021-04-15 03:34:05.349"
"1197","4069","1011","231","2021-04-15 03:34:07.145"
"1198","4043","1012","239","2021-04-15 03:34:07.145"
"1199","4056","1012","25","2021-04-15 03:34:07.145"
"1200","4058","1012","25","2021-04-15 03:34:07.145"
"1201","3993","1013","228","2021-04-15 03:34:07.145"
"1202","4072","1012","22","2021-04-15 03:34:12.511"
"1203","4006","1013","26","2021-04-15 03:34:26.921"
"1204","4044","1013","275","2021-04-15 03:34:26.921"
"1205","3976","1014","132","2021-04-15 03:34:37.250"
"1206","4090","1011","23","2021-04-15 03:34:45.316"
"1207","4088","1012","44","2021-04-15 03:34:45.316"
"1208","4087","1013","9","2021-04-15 03:34:45.316"
"1209","4087","1013","28","2021-04-15 03:35:00.489"
"1210","3976","1014","5","2021-04-15 03:35:00.489"
"1211","4024","1014","23","2021-04-15 03:35:00.489"
"1212","4089","1009","73","2021-04-15 03:35:16.976"
"1213","4089","1009","316","2021-04-15 03:35:22.126"
"1214","4103","1012","47","2021-04-15 03:35:22.929"
"1215","4097","1013","10","2021-04-15 03:35:22.929"
"1216","4097","1013","12","2021-04-15 03:35:22.951"
"1217","4024","1014","55","2021-04-15 03:35:22.951"
"1218","4131","1013","46","2021-04-15 03:36:15.882"
"1219","4130","1014","23","2021-04-15 03:36:15.882"
"1220","4126","1011","30","2021-04-15 03:36:17.379"
"1221","4125","1010","81","2021-04-15 03:36:17.379"
"1222","4089","1009","75","2021-04-15 03:36:17.379"
"1223","4137","1010","79","2021-04-15 03:36:20.017"
"1224","4089","1009","206","2021-04-15 03:36:20.017"
"1225","4123","1008","131","2021-04-15 03:36:20.017"
"1226","4132","1014","74","2021-04-15 03:36:20.162"
"1227","3972","1015","235","2021-04-15 03:36:20.162"
"1228","4144","1006","22","2021-04-15 03:36:42.662"
"1229","4148","1005","35","2021-04-15 03:36:42.662"
"1230","4155","1005","34","2021-04-15 03:36:42.662"
"1231","4151","1013","53","2021-04-15 03:36:43.129"
"1232","4161","1007","63","2021-04-15 03:36:43.714"
"1233","4151","1013","18","2021-04-15 03:36:46.337"
"1234","4153","1013","23","2021-04-15 03:36:46.337"
"1235","4146","1014","19","2021-04-15 03:36:46.337"
"1236","4167","1013","60","2021-04-15 03:36:49.443"
"1237","4167","1013","114","2021-04-15 03:36:50.537"
"1238","4186","1008","112","2021-04-15 03:36:58.823"
"1239","4191","1012","22","2021-04-15 03:37:01.566"
"1240","4194","1012","42","2021-04-15 03:37:01.566"
"1241","4182","1013","31","2021-04-15 03:37:02.836"
"1242","4146","1014","12","2021-04-15 03:37:02.836"
"1243","4158","1014","60","2021-04-15 03:37:02.836"
"1244","4159","1014","69","2021-04-15 03:37:02.836"
"1245","4168","1014","24","2021-04-15 03:37:02.836"
"1246","4187","1014","37","2021-04-15 03:37:02.836"
"1247","4189","1014","26","2021-04-15 03:37:02.836"
"1248","3972","1015","70","2021-04-15 03:37:02.836"
"1249","4117","1016","137","2021-04-15 03:37:02.836"
"1250","4196","1007","21","2021-04-15 03:37:03.531"
"1251","4200","1006","21","2021-04-15 03:37:03.531"
"1252","4202","1014","35","2021-04-15 03:37:05.165"
"1253","4215","1015","25","2021-04-15 03:37:11.615"
"1254","4117","1016","26","2021-04-15 03:37:14.430"
"1255","4220","1015","28","2021-04-15 03:37:17.735"
"1256","4216","1014","23","2021-04-15 03:37:17.735"
"1257","4216","1014","2","2021-04-15 03:37:25.864"
"1258","4218","1014","29","2021-04-15 03:37:25.864"
"1259","4227","1014","38","2021-04-15 03:37:25.864"
"1260","4228","1014","35","2021-04-15 03:37:25.864"
"1261","4211","1013","31","2021-04-15 03:37:25.864"
"1262","4241","1013","30","2021-04-15 03:37:25.864"
"1263","4242","1013","31","2021-04-15 03:37:25.864"
"1264","4210","1012","20","2021-04-15 03:37:25.864"
"1265","4210","1012","1","2021-04-15 03:37:26.909"
"1266","4213","1012","124","2021-04-15 03:37:26.909"
"1267","4262","1014","37","2021-04-15 03:37:35.523"
"1268","4266","1014","34","2021-04-15 03:37:37.580"
"1269","4265","1015","19","2021-04-15 03:37:37.580"
"1270","4273","1013","55","2021-04-15 03:37:38.800"
"1271","4273","1013","7","2021-04-15 03:37:44.605"
"1272","4285","1013","20","2021-04-15 03:37:48.145"
"1273","4272","1014","46","2021-04-15 03:37:48.146"
"1274","4272","1014","173","2021-04-15 03:37:49.073"
"1275","4275","1014","28","2021-04-15 03:37:49.073"
"1276","4296","1011","35","2021-04-15 03:37:52.995"
"1277","4294","1012","38","2021-04-15 03:37:52.995"
"1278","4291","1013","7","2021-04-15 03:37:52.995"
"1279","4293","1007","29","2021-04-15 03:37:53.605"
"1280","4308","1011","76","2021-04-15 03:38:00.633"
"1281","4305","1012","4","2021-04-15 03:38:00.633"
"1282","4312","1002","140","2021-04-15 03:38:04.432"
"1283","4319","1009","34","2021-04-15 03:38:22.698"
"1284","4336","1006","67","2021-04-15 03:38:36.944"
"1285","4345","1007","20","2021-04-15 03:38:51.620"
"1286","4336","1006","9","2021-04-15 03:38:51.620"
"1287","4346","1006","24","2021-04-15 03:38:51.620"
"1288","4347","1006","47","2021-04-15 03:38:51.620"
"1289","4348","1006","70","2021-04-15 03:38:51.620"
"1290","4344","1010","107","2021-04-15 03:38:52.713"
"1291","4343","1011","27","2021-04-15 03:38:52.713"
"1292","4349","1011","22","2021-04-15 03:38:52.713"
"1293","4340","1012","102","2021-04-15 03:38:52.713"
"1294","4310","1013","38","2021-04-15 03:38:52.713"
"1295","4321","1013","22","2021-04-15 03:38:52.713"
"1296","4275","1014","21","2021-04-15 03:38:52.713"
"1297","4292","1014","26","2021-04-15 03:38:52.713"
"1298","4265","1015","6","2021-04-15 03:38:52.713"
"1299","4258","1016","29","2021-04-15 03:38:52.713"
"1300","4369","1005","39","2021-04-15 03:39:17.428"
"1301","4368","1004","48","2021-04-15 03:39:17.428"
"1302","4364","1003","126","2021-04-15 03:39:17.428"
"1303","4367","1002","26","2021-04-15 03:39:17.428"
"1304","4363","1009","157","2021-04-15 03:39:34.254"
"1305","4388","1001","124","2021-04-15 03:40:27.768"
"1306","4403","1001","26","2021-04-15 03:40:27.768"
"1307","4387","1000","274","2021-04-15 03:40:27.768"
"1308","4384","999","34","2021-04-15 03:40:40.070"
"1309","4375","998","16","2021-04-15 03:40:40.070"
"1310","4375","998","14","2021-04-15 03:40:49.299"
"1311","4415","997","42","2021-04-15 03:40:49.299"
"1312","4418","997","26","2021-04-15 03:40:49.299"
"1313","4428","1006","50","2021-04-15 03:41:17.322"
"1314","4414","1007","60","2021-04-15 03:41:17.322"
"1315","4363","1009","5","2021-04-15 03:41:17.322"
"1316","4435","1008","26","2021-04-15 03:41:24.123"
"1317","4363","1009","36","2021-04-15 03:41:24.123"
"1318","4378","1009","32","2021-04-15 03:41:29.228"
"1319","4437","1009","37","2021-04-15 03:41:29.228"
"1320","4451","1006","30","2021-04-15 03:41:38.989"
"1321","4431","1005","25","2021-04-15 03:41:38.989"
"1322","4443","1004","18","2021-04-15 03:41:38.989"
"1323","4462","1006","32","2021-04-15 03:41:45.548"
"1324","4456","1007","55","2021-04-15 03:41:45.795"
"1325","4449","1008","14","2021-04-15 03:41:45.795"
"1326","4361","1011","24","2021-04-15 03:41:56.909"
"1327","4473","1011","33","2021-04-15 03:41:56.909"
"1328","4474","1011","14","2021-04-15 03:41:56.909"
"1329","4486","1009","20","2021-04-15 03:42:00.210"
"1330","4482","1008","21","2021-04-15 03:42:00.210"
"1331","4475","1007","26","2021-04-15 03:42:00.210"
"1332","4495","1008","30","2021-04-15 03:42:09.447"
"1333","4485","1007","21","2021-04-15 03:42:09.447"
"1334","4485","1007","25","2021-04-15 03:42:17.809"
"1335","4496","1007","29","2021-04-15 03:42:17.809"
"1336","4492","1006","12","2021-04-15 03:42:17.809"
"1337","4490","1013","36","2021-04-15 03:42:21.445"
"1338","4494","1013","25","2021-04-15 03:42:21.445"
"1339","4514","1007","22","2021-04-15 03:42:26.997"
"1340","4492","1006","8","2021-04-15 03:42:26.997"
"1341","4500","1006","21","2021-04-15 03:42:26.997"
"1342","4517","1015","79","2021-04-15 03:42:33.279"
"1343","4521","1007","22","2021-04-15 03:42:59.770"
"1344","4472","1005","66","2021-04-15 03:42:59.770"
"1345","4510","1005","24","2021-04-15 03:42:59.770"
"1346","4447","1004","33","2021-04-15 03:42:59.770"
"1347","4525","1014","75","2021-04-15 03:43:19.084"
"1348","4525","1014","213","2021-04-15 03:43:29.741"
"1349","4525","1014","19","2021-04-15 03:43:42.385"
"1350","4520","1015","33","2021-04-15 03:43:42.385"
"1351","4533","1006","21","2021-04-15 03:43:45.641"
"1352","4528","1005","35","2021-04-15 03:43:45.641"
"1353","4534","1005","26","2021-04-15 03:43:45.641"
"1354","4447","1004","49","2021-04-15 03:43:45.641"
"1355","4542","1005","20","2021-04-15 03:44:45.738"
"1356","4546","1009","43","2021-04-15 03:44:56.937"
"1357","4550","1007","26","2021-04-15 03:45:23.153"
"1358","4554","1006","86","2021-04-15 03:45:23.153"
"1359","4552","1010","43","2021-04-15 03:45:54.951"
"1360","4558","1011","29","2021-04-15 03:45:54.951"
"1361","4559","1007","87","2021-04-15 03:46:24.569"
"1362","4559","1007","9","2021-04-15 03:46:25.119"
"1363","4582","1006","86","2021-04-15 03:47:23.968"
"1364","4582","1006","66","2021-04-15 03:47:26.775"
"1365","4588","1005","56","2021-04-15 03:47:49.774"
"1366","4601","1008","43","2021-04-15 03:47:56.855"
"1367","4602","1009","8","2021-04-15 03:47:56.855"
"1368","4612","1006","23","2021-04-15 03:48:03.334"
"1369","4588","1005","30","2021-04-15 03:48:03.334"
"1370","4615","1008","80","2021-04-15 03:48:08.167"
"1371","4621","1007","23","2021-04-15 03:48:14.506"
"1372","4615","1008","105","2021-04-15 03:48:14.506"
"1373","4615","1008","44","2021-04-15 03:48:14.698"
"1374","4605","1009","7","2021-04-15 03:48:14.698"
"1375","4617","1006","31","2021-04-15 03:48:17.501"
"1376","4588","1005","31","2021-04-15 03:48:17.501"
"1377","4619","1005","25","2021-04-15 03:48:17.501"
"1378","4624","1005","16","2021-04-15 03:48:17.501"
"1379","4633","1009","26","2021-04-15 03:48:53.374"
"1380","4635","1010","51","2021-04-15 03:48:53.374"
"1381","4636","1010","18","2021-04-15 03:48:53.374"
"1382","4646","1007","64","2021-04-15 03:48:57.246"
"1383","4643","1006","32","2021-04-15 03:49:23.716"
"1384","4641","1005","32","2021-04-15 03:49:23.716"
"1385","4660","1006","104","2021-04-15 03:49:24.683"
"1386","4641","1005","82","2021-04-15 03:49:24.683"
"1387","4641","1005","74","2021-04-15 03:49:30.017"
"1388","4641","1005","64","2021-04-15 03:49:34.313"
"1389","4666","1008","89","2021-04-15 03:49:38.452"
"1390","4641","1005","64","2021-04-15 03:49:48.306"
"1391","4641","1005","61","2021-04-15 03:49:51.692"
"1392","4676","1006","24","2021-04-15 03:49:53.566"
"1393","4674","1007","25","2021-04-15 03:49:53.566"
"1394","4672","1008","29","2021-04-15 03:49:53.566"
"1395","4641","1005","81","2021-04-15 03:50:26.184"
"1396","4689","1006","25","2021-04-15 03:50:47.704"
"1397","4672","1008","17","2021-04-15 03:51:01.793"
"1398","4663","1009","56","2021-04-15 03:51:01.793"
"1399","4650","1010","107","2021-04-15 03:51:01.793"
"1400","4709","1007","27","2021-04-15 03:51:14.263"
"1401","4705","1006","22","2021-04-15 03:51:14.263"
"1402","4691","1005","31","2021-04-15 03:51:14.263"
"1403","4698","1005","35","2021-04-15 03:51:14.263"
"1404","4707","1005","140","2021-04-15 03:51:14.263"
"1405","4708","1005","100","2021-04-15 03:51:14.263"
"1406","4680","1004","39","2021-04-15 03:51:14.263"
"1407","4687","1004","133","2021-04-15 03:51:14.263"
"1408","4695","1004","37","2021-04-15 03:51:14.263"
"1409","4650","1010","202","2021-04-15 03:51:31.093"
"1410","4652","1010","109","2021-04-15 03:52:06.817"
"1411","4752","1003","23","2021-04-15 03:52:20.860"
"1412","4756","1006","106","2021-04-15 03:52:28.136"
"1413","4744","1001","53","2021-04-15 03:52:31.337"
"1414","4759","1000","60","2021-04-15 03:52:35.208"
"1415","4721","999","22","2021-04-15 03:52:35.208"
"1416","4721","999","1","2021-04-15 03:52:37.246"
"1417","4743","999","34","2021-04-15 03:52:37.246"
"1418","4764","998","66","2021-04-15 03:52:37.246"
"1419","4767","1009","41","2021-04-15 03:52:41.439"
"1420","4760","1010","31","2021-04-15 03:52:41.439"
"1421","4764","998","79","2021-04-15 03:52:41.738"
"1422","4775","1004","207","2021-04-15 03:52:45.595"
"1423","4773","1005","27","2021-04-15 03:52:45.595"
"1424","4782","1002","30","2021-04-15 03:53:03.281"
"1425","4780","1003","32","2021-04-15 03:53:03.281"
"1426","4789","1003","7","2021-04-15 03:53:03.281"
"1427","4789","1003","23","2021-04-15 03:53:04.895"
"1428","4802","1001","28","2021-04-15 03:53:29.764"
"1429","4795","1002","36","2021-04-15 03:53:29.764"
"1430","4794","997","104","2021-04-15 03:53:34.307"
"1431","4811","1004","39","2021-04-15 03:53:44.915"
"1432","4809","1005","22","2021-04-15 03:53:44.915"
"1433","4812","1005","64","2021-04-15 03:53:44.915"
"1434","4818","1004","21","2021-04-15 03:53:47.595"
"1435","4818","1004","57","2021-04-15 03:53:47.871"
"1436","4828","995","85","2021-04-15 03:54:20.322"
"1437","4844","1001","47","2021-04-15 03:55:19.933"
"1438","4842","1002","12","2021-04-15 03:55:19.933"
"1439","4843","997","103","2021-04-15 03:55:23.825"
"1440","4836","996","49","2021-04-15 03:55:23.825"
"1441","4857","1000","21","2021-04-15 03:55:34.305"
"1442","4856","1001","77","2021-04-15 03:55:34.305"
"1443","4853","1002","42","2021-04-15 03:55:34.305"
"1444","4873","996","61","2021-04-15 03:55:45.063"
"1445","4852","995","46","2021-04-15 03:55:45.063"
"1446","4852","995","3","2021-04-15 03:55:45.503"
"1447","4867","995","61","2021-04-15 03:55:45.503"
"1448","4868","1000","45","2021-04-15 03:55:52.258"
"1449","4860","1001","37","2021-04-15 03:55:52.258"
"1450","4882","1001","13","2021-04-15 03:55:52.258"
"1451","4882","1001","25","2021-04-15 03:55:59.089"
"1452","4853","1002","101","2021-04-15 03:55:59.089"
"1453","4863","1002","7","2021-04-15 03:55:59.089"
"1454","4901","999","20","2021-04-15 03:56:32.936"
"1455","4900","1000","30","2021-04-15 03:56:32.936"
"1456","4893","1001","27","2021-04-15 03:56:32.936"
"1457","4893","1001","16","2021-04-15 03:56:34.310"
"1458","4863","1002","17","2021-04-15 03:56:34.310"
"1459","4848","1003","22","2021-04-15 03:56:34.310"
"1460","4898","997","88","2021-04-15 03:56:39.225"
"1461","4908","1001","116","2021-04-15 03:57:00.715"
"1462","4917","1001","2","2021-04-15 03:57:00.715"
"1463","4905","1002","25","2021-04-15 03:57:05.953"
"1464","4848","1003","10","2021-04-15 03:57:05.953"
"1465","4922","1003","39","2021-04-15 03:57:05.953"
"1466","4839","1005","33","2021-04-15 03:57:05.953"
"1467","4840","1005","24","2021-04-15 03:57:05.953"
"1468","4928","999","38","2021-04-15 03:57:10.555"
"1469","4921","998","48","2021-04-15 03:57:10.555"
"1470","4906","997","27","2021-04-15 03:57:10.555"
"1471","4925","997","8","2021-04-15 03:57:10.555"
"1472","4930","998","46","2021-04-15 03:57:12.362"
"1473","4925","997","10","2021-04-15 03:57:12.362"
"1474","4933","998","40","2021-04-15 03:57:13.510"
"1475","4925","997","14","2021-04-15 03:57:13.510"
"1476","4910","996","26","2021-04-15 03:57:13.510"
"1477","4913","996","95","2021-04-15 03:57:13.510"
"1478","4914","996","47","2021-04-15 03:57:13.510"
"1479","4867","995","38","2021-04-15 03:57:13.510"
"1480","4895","995","90","2021-04-15 03:57:13.510"
"1481","4897","995","42","2021-04-15 03:57:13.510"
"1482","4883","994","24","2021-04-15 03:57:13.510"
"1483","4941","997","21","2021-04-15 03:57:18.252"
"1484","4940","996","31","2021-04-15 03:57:18.252"
"1485","4949","1004","36","2021-04-15 03:57:25.689"
"1486","4948","1005","25","2021-04-15 03:57:25.689"
"1487","4938","995","49","2021-04-15 03:57:28.159"
"1488","4955","1003","42","2021-04-15 03:57:29.543"
"1489","4967","989","119","2021-04-15 03:57:40.526"
"1490","4989","990","138","2021-04-15 03:57:53.522"
"1491","4997","998","27","2021-04-15 03:58:03.127"
"1492","4993","999","22","2021-04-15 03:58:03.127"
"1493","4996","1000","22","2021-04-15 03:58:03.127"
"1494","4996","1000","70","2021-04-15 03:58:07.875"
"1495","5012","1001","23","2021-04-15 03:58:07.875"
"1496","5023","997","36","2021-04-15 03:58:10.712"
"1497","5039","1000","30","2021-04-15 03:58:22.376"
"1498","5013","1001","25","2021-04-15 03:58:22.376"
"1499","5014","1001","53","2021-04-15 03:58:22.376"
"1500","5015","1001","5","2021-04-15 03:58:22.376"
"1501","5015","1001","54","2021-04-15 03:58:24.958"
"1502","5016","1001","15","2021-04-15 03:58:24.958"
"1503","5052","1000","23","2021-04-15 03:58:27.065"
"1504","5016","1001","20","2021-04-15 03:58:27.065"
"1505","5043","1001","18","2021-04-15 03:58:27.065"
"1506","5040","997","28","2021-04-15 03:58:32.163"
"1507","5061","1000","29","2021-04-15 03:58:36.236"
"1508","5043","1001","3","2021-04-15 03:58:36.236"
"1509","5044","1001","36","2021-04-15 03:58:36.236"
"1510","5053","1001","34","2021-04-15 03:58:36.236"
"1511","5073","1001","8","2021-04-15 03:58:36.236"
"1512","5079","1000","23","2021-04-15 03:58:37.442"
"1513","5073","1001","21","2021-04-15 03:58:37.442"
"1514","5037","1002","49","2021-04-15 03:58:37.442"
"1515","5104","997","110","2021-04-15 03:58:47.352"
"1516","5094","996","29","2021-04-15 03:58:49.174"
"1517","5110","996","33","2021-04-15 03:58:49.174"
"1518","5110","996","17","2021-04-15 03:58:49.178"
"1519","5086","995","32","2021-04-15 03:58:49.178"
"1520","5106","1001","58","2021-04-15 03:58:49.367"
"1521","5037","1002","5","2021-04-15 03:58:49.367"
"1522","5059","1002","7","2021-04-15 03:58:49.367"
"1523","5125","1001","23","2021-04-15 03:58:59.654"
"1524","5129","1001","89","2021-04-15 03:59:01.315"
"1525","5129","1001","194","2021-04-15 03:59:03.714"
"1526","5116","1000","37","2021-04-15 03:59:03.714"
"1527","5059","1002","169","2021-04-15 03:59:22.402"
"1528","5096","1002","36","2021-04-15 03:59:22.402"
"1529","5108","1002","49","2021-04-15 03:59:22.402"
"1530","5109","1002","169","2021-04-15 03:59:22.402"
"1531","5112","1002","20","2021-04-15 03:59:22.402"
"1532","5088","1003","29","2021-04-15 03:59:22.402"
"1533","5132","1003","127","2021-04-15 03:59:22.402"
"1534","5135","1003","39","2021-04-15 03:59:22.402"
"1535","5138","1003","239","2021-04-15 03:59:22.402"
"1536","5140","1003","25","2021-04-15 03:59:22.402"
"1537","5141","1003","22","2021-04-15 03:59:22.402"
"1538","5142","996","380","2021-04-15 03:59:24.478"
"1539","5139","995","90","2021-04-15 03:59:24.478"
"1540","5149","996","25","2021-04-15 03:59:36.020"
"1541","5139","995","87","2021-04-15 03:59:36.020"
"1542","5155","996","90","2021-04-15 03:59:38.179"
"1543","5164","1003","30","2021-04-15 03:59:45.241"
"1544","5161","1004","49","2021-04-15 03:59:45.241"
"1545","5161","1004","9","2021-04-15 03:59:53.255"
"1546","5159","1005","36","2021-04-15 03:59:53.255"
"1547","5168","999","59","2021-04-15 03:59:54.784"
"1548","5162","998","69","2021-04-15 03:59:54.784"
"1549","5160","997","40","2021-04-15 03:59:54.784"
"1550","5166","997","26","2021-04-15 03:59:54.784"
"1551","5191","1000","32","2021-04-15 04:00:32.326"
"1552","5176","999","22","2021-04-15 04:00:43.648"
"1553","5174","998","102","2021-04-15 04:00:52.051"
"1554","5195","1000","29","2021-04-15 04:00:54.311"
"1555","5190","1001","37","2021-04-15 04:00:54.311"
"1556","5184","1002","34","2021-04-15 04:00:54.311"
"1557","5181","1003","36","2021-04-15 04:00:54.311"
"1558","5186","1003","71","2021-04-15 04:00:54.311"
"1559","5179","1005","85","2021-04-15 04:00:54.311"
"1560","5208","998","37","2021-04-15 04:01:18.845"
"1561","5166","997","13","2021-04-15 04:01:18.845"
"1562","5225","998","25","2021-04-15 04:01:43.625"
"1563","5175","997","37","2021-04-15 04:01:43.625"
"1564","5218","996","33","2021-04-15 04:01:43.625"
"1565","5219","996","79","2021-04-15 04:01:43.625"
"1566","5226","1004","47","2021-04-15 04:01:46.824"
"1567","5222","1005","29","2021-04-15 04:01:46.824"
"1568","5222","1005","51","2021-04-15 04:01:51.801"
"1569","5246","1003","24","2021-04-15 04:01:56.580"
"1570","5236","1002","21","2021-04-15 04:02:34.489"
"1571","5252","1002","16","2021-04-15 04:02:50.472"
"1572","5257","1002","21","2021-04-15 04:02:50.619"
"1573","5257","1002","21","2021-04-15 04:02:51.084"
"1574","5246","1003","2","2021-04-15 04:02:51.252"
"1575","5243","1004","97","2021-04-15 04:02:51.252"
"1576","5249","1004","22","2021-04-15 04:02:51.252"
"1577","5250","1004","78","2021-04-15 04:02:51.252"
"1578","5222","1005","232","2021-04-15 04:02:51.252"
"1579","5210","1006","36","2021-04-15 04:02:51.252"
"1580","5212","1006","23","2021-04-15 04:02:51.252"
"1581","5223","1006","43","2021-04-15 04:02:51.252"
"1582","5224","1006","27","2021-04-15 04:02:51.252"
"1583","5206","1007","72","2021-04-15 04:02:51.252"
"1584","5216","1007","45","2021-04-15 04:02:51.252"
"1585","5269","1010","62","2021-04-15 04:02:56.655"
"1586","5261","1011","51","2021-04-15 04:02:56.655"
"1587","5261","1011","53","2021-04-15 04:02:58.241"
"1588","5286","1009","50","2021-04-15 04:03:22.770"
"1589","5290","1006","96","2021-04-15 04:03:26.098"
"1590","5294","1008","34","2021-04-15 04:03:33.913"
"1591","5286","1009","103","2021-04-15 04:03:33.913"
"1592","5295","1009","21","2021-04-15 04:03:33.913"
"1593","5298","1009","112","2021-04-15 04:03:33.913"
"1594","5305","1008","48","2021-04-15 04:03:37.424"
"1595","5304","1009","41","2021-04-15 04:03:37.777"
"1596","5306","1008","3","2021-04-15 04:03:39.932"
"1597","5302","1007","28","2021-04-15 04:03:39.932"
"1598","5297","1006","24","2021-04-15 04:03:39.932"
"1599","5289","1005","13","2021-04-15 04:03:39.932"
"1600","5308","1010","28","2021-04-15 04:03:41.078"
"1601","5289","1005","87","2021-04-15 04:03:41.530"
"1602","5326","1006","59","2021-04-15 04:03:52.537"
"1603","5329","1013","55","2021-04-15 04:03:55.186"
"1604","5328","1014","20","2021-04-15 04:03:55.186"
"1605","5325","1015","24","2021-04-15 04:03:55.186"
"1606","5326","1006","25","2021-04-15 04:03:57.290"
"1607","5289","1005","36","2021-04-15 04:03:57.290"
"1608","5334","1007","20","2021-04-15 04:04:03.042"
"1609","5336","1006","49","2021-04-15 04:04:03.915"
"1610","5336","1006","18","2021-04-15 04:04:04.141"
"1611","5341","1006","36","2021-04-15 04:04:08.612"
"1612","5334","1007","59","2021-04-15 04:04:08.612"
"1613","5331","1008","81","2021-04-15 04:04:08.612"
"1614","5289","1005","41","2021-04-15 04:04:12.417"
"1615","5299","1005","34","2021-04-15 04:04:12.418"
"1616","5299","1005","6","2021-04-15 04:04:20.417"
"1617","5300","1005","43","2021-04-15 04:04:20.417"
"1618","5279","1004","4","2021-04-15 04:04:20.417"
"1619","5361","1005","74","2021-04-15 04:04:28.019"
"1620","5374","1008","36","2021-04-15 04:04:34.279"
"1621","5377","1008","49","2021-04-15 04:04:39.742"
"1622","5373","1009","8","2021-04-15 04:04:39.742"
"1623","5381","1008","20","2021-04-15 04:04:43.762"
"1624","5382","1008","43","2021-04-15 04:04:46.969"
"1625","5382","1008","240","2021-04-15 04:04:50.617"
"1626","5385","1008","102","2021-04-15 04:04:50.922"
"1627","5373","1009","15","2021-04-15 04:04:52.976"
"1628","5385","1008","50","2021-04-15 04:04:58.229"
"1629","5385","1008","19","2021-04-15 04:04:59.486"
"1630","5368","1007","138","2021-04-15 04:04:59.486"
"1631","5400","1008","60","2021-04-15 04:06:17.050"
"1632","5368","1007","29","2021-04-15 04:06:17.050"
"1633","5368","1007","37","2021-04-15 04:06:17.573"
"1634","5368","1007","50","2021-04-15 04:06:20.923"
"1635","5368","1007","101","2021-04-15 04:06:21.896"
"1636","5413","1008","130","2021-04-15 04:06:23.742"
"1637","5387","1007","176","2021-04-15 04:06:27.591"
"1638","5387","1007","31","2021-04-15 04:06:45.968"
"1639","5367","1006","26","2021-04-15 04:06:45.968"
"1640","5361","1005","13","2021-04-15 04:06:45.968"
"1641","5315","1004","9","2021-04-15 04:06:45.968"
"1642","5445","1006","49","2021-04-15 04:06:54.961"
"1643","5443","1005","25","2021-04-15 04:06:54.961"
"1644","5320","1004","39","2021-04-15 04:06:54.961"
"1645","5444","1004","135","2021-04-15 04:06:54.961"
"1646","5275","1002","36","2021-04-15 04:06:54.961"
"1647","5276","1002","514","2021-04-15 04:06:54.961"
"1648","5256","1000","23","2021-04-15 04:06:54.961"
"1649","5435","1009","36","2021-04-15 04:06:56.863"
"1650","5404","1010","85","2021-04-15 04:06:56.863"
"1651","5460","1009","32","2021-04-15 04:07:06.727"
"1652","5404","1010","45","2021-04-15 04:07:06.727"
"1653","5404","1010","231","2021-04-15 04:07:14.084"
"1654","5426","1010","23","2021-04-15 04:07:14.084"
"1655","5464","1011","58","2021-04-15 04:07:14.084"
"1656","5348","1012","21","2021-04-15 04:07:14.084"
"1657","5470","1016","62","2021-04-15 04:07:15.921"
"1658","5473","1010","73","2021-04-15 04:07:20.210"
"1659","5475","1013","24","2021-04-15 04:07:30.223"
"1660","5481","1012","30","2021-04-15 04:07:35.299"
"1661","5522","1008","62","2021-04-15 04:08:27.885"
"1662","5522","1008","17","2021-04-15 04:08:28.242"
"1663","5528","1008","60","2021-04-15 04:08:39.925"
"1664","5545","1009","125","2021-04-15 04:08:51.765"
"1665","5552","1009","26","2021-04-15 04:09:08.553"
"1666","5556","1009","26","2021-04-15 04:09:08.553"
"1667","5531","1015","26","2021-04-15 04:09:09.171"
"1668","5534","1015","75","2021-04-15 04:09:09.171"
"1669","5566","1015","23","2021-04-15 04:09:09.171"
"1670","5543","1016","25","2021-04-15 04:09:09.171"
"1671","5543","1016","37","2021-04-15 04:09:11.756"
"1672","5551","1016","40","2021-04-15 04:09:11.756"
"1673","5553","1016","2","2021-04-15 04:09:11.756"
"1674","5559","1016","129","2021-04-15 04:09:20.200"
"1675","5601","1015","53","2021-04-15 04:09:40.204"
"1676","5605","1014","21","2021-04-15 04:09:40.886"
"1677","5601","1015","7","2021-04-15 04:09:40.886"
"1678","5595","1016","25","2021-04-15 04:09:40.886"
"1679","5602","1016","12","2021-04-15 04:09:40.886"
"1680","5598","1007","21","2021-04-15 04:09:44.212"
"1681","5602","1016","37","2021-04-15 04:09:59.444"
"1682","5529","1017","55","2021-04-15 04:09:59.444"
"1683","5580","1017","8","2021-04-15 04:09:59.444"
"1684","5628","1011","33","2021-04-15 04:10:12.549"
"1685","5627","1010","21","2021-04-15 04:10:12.549"
"1686","5622","1015","64","2021-04-15 04:10:13.492"
"1687","5627","1010","47","2021-04-15 04:10:14.699"
"1688","5632","1009","33","2021-04-15 04:10:14.699"
"1689","5631","1014","99","2021-04-15 04:10:15.556"
"1690","5638","1013","25","2021-04-15 04:10:19.353"
"1691","5631","1014","92","2021-04-15 04:10:19.354"
"1692","5622","1015","118","2021-04-15 04:10:19.354"
"1693","5622","1015","72","2021-04-15 04:10:22.926"
"1694","5649","1006","26","2021-04-15 04:10:29.004"
"1695","5637","1015","51","2021-04-15 04:10:29.335"
"1696","5641","1016","24","2021-04-15 04:10:29.335"
"1697","5642","1016","459","2021-04-15 04:10:29.335"
"1698","5583","1017","48","2021-04-15 04:10:29.335"
"1699","5616","1018","25","2021-04-15 04:10:29.335"
"1700","5658","1001","22","2021-04-15 04:10:32.935"
"1701","5669","1010","52","2021-04-15 04:10:36.535"
"1702","5676","1014","38","2021-04-15 04:10:43.850"
"1703","5674","1004","59","2021-04-15 04:10:45.898"
"1704","5673","1003","23","2021-04-15 04:10:45.898"
"1705","5681","1001","28","2021-04-15 04:10:49.825"
"1706","5692","1005","32","2021-04-15 04:10:58.210"
"1707","5695","1006","23","2021-04-15 04:10:58.210"
"1708","5699","1008","44","2021-04-15 04:11:01.626"
"1709","5697","1009","41","2021-04-15 04:11:01.626"
"1710","5705","998","29","2021-04-15 04:11:18.962"
"1711","5710","997","35","2021-04-15 04:11:18.962"
"1712","5717","998","28","2021-04-15 04:11:20.321"
"1713","5710","997","14","2021-04-15 04:11:20.321"
"1714","5714","997","10","2021-04-15 04:11:20.321"
"1715","5727","1003","31","2021-04-15 04:11:36.670"
"1716","5720","1004","33","2021-04-15 04:11:36.670"
"1717","5737","1003","42","2021-04-15 04:12:00.476"
"1718","5720","1004","44","2021-04-15 04:12:00.476"
"1719","5754","1004","60","2021-04-15 04:12:17.646"
"1720","5753","1001","33","2021-04-15 04:12:22.886"
"1721","5751","1000","21","2021-04-15 04:12:22.886"
"1722","5726","1005","25","2021-04-15 04:12:26.226"
"1723","5763","1007","34","2021-04-15 04:12:33.627"
"1724","5751","1000","5","2021-04-15 04:12:38.528"
"1725","5747","999","33","2021-04-15 04:12:38.528"
"1726","5764","999","43","2021-04-15 04:12:38.528"
"1727","5744","998","38","2021-04-15 04:12:38.528"
"1728","5722","997","72","2021-04-15 04:12:38.528"
"1729","5736","997","129","2021-04-15 04:12:38.528"
"1730","5736","997","343","2021-04-15 04:12:58.830"
"1731","5769","1001","21","2021-04-15 04:13:09.028"
"1732","5777","1006","34","2021-04-15 04:13:23.006"
"1733","5785","1005","23","2021-04-15 04:13:27.468"
"1734","5783","1000","34","2021-04-15 04:13:28.783"
"1735","5793","999","97","2021-04-15 04:13:28.783"
"1736","5813","1009","27","2021-04-15 04:13:34.634"
"1737","5807","1010","21","2021-04-15 04:13:34.634"
"1738","5801","1011","15","2021-04-15 04:13:34.634"
"1739","5801","1011","13","2021-04-15 04:13:34.785"
"1740","5810","1011","20","2021-04-15 04:13:34.785"
"1741","5803","1012","56","2021-04-15 04:13:34.785"
"1742","5820","1005","67","2021-04-15 04:13:38.916"
"1743","5808","1004","14","2021-04-15 04:13:38.916"
"1744","5827","1005","48","2021-04-15 04:13:42.704"
"1745","5808","1004","69","2021-04-15 04:13:42.704"
"1746","5832","1004","23","2021-04-15 04:13:42.704"
"1747","5833","1004","21","2021-04-15 04:13:42.704"
"1748","5833","1004","30","2021-04-15 04:13:46.078"
"1749","5837","1003","25","2021-04-15 04:13:46.078"
"1750","5844","1011","50","2021-04-15 04:13:48.825"
"1751","5842","1012","38","2021-04-15 04:13:48.825"
"1752","5817","1013","65","2021-04-15 04:13:48.825"
"1753","5836","1014","32","2021-04-15 04:13:48.825"
"1754","5863","1015","35","2021-04-15 04:14:01.795"
"1755","5873","1016","52","2021-04-15 04:14:01.795"
"1756","5867","1010","66","2021-04-15 04:14:14.223"
"1757","5881","1010","45","2021-04-15 04:14:14.223"
"1758","5869","1009","65","2021-04-15 04:14:14.624"
"1759","5869","1009","25","2021-04-15 04:14:15.028"
"1760","5895","1010","25","2021-04-15 04:14:19.530"
"1761","5869","1009","7","2021-04-15 04:14:29.206"
"1762","5897","1009","24","2021-04-15 04:14:43.206"
"1763","5895","1010","59","2021-04-15 04:14:43.206"
"1764","5889","1011","51","2021-04-15 04:14:43.206"
"1765","5886","1013","34","2021-04-15 04:14:43.206"
"1766","5900","1000","26","2021-04-15 04:14:46.574"
"1767","5900","1000","15","2021-04-15 04:14:47.605"
"1768","5902","1001","55","2021-04-15 04:14:52.638"
"1769","5919","990","28","2021-04-15 04:15:04.349"
"1770","5917","989","23","2021-04-15 04:15:04.349"
"1771","5920","989","23","2021-04-15 04:15:04.349"
"1772","5921","989","107","2021-04-15 04:15:04.349"
"1773","5935","997","44","2021-04-15 04:15:42.415"
"1774","5930","996","39","2021-04-15 04:15:42.415"
"1775","5929","995","33","2021-04-15 04:15:42.415"
"1776","5932","995","27","2021-04-15 04:15:42.415"
"1777","5933","995","16","2021-04-15 04:15:42.415"
"1778","5948","990","22","2021-04-15 04:17:30.078"
"1779","5951","989","20","2021-04-15 04:17:30.078"
"1780","5953","989","29","2021-04-15 04:17:30.078"
"1781","5957","989","6","2021-04-15 04:17:30.078"
"1782","5952","996","45","2021-04-15 04:17:30.913"
"1783","5947","997","6","2021-04-15 04:17:30.913"
"1784","5966","996","25","2021-04-15 04:17:46.173"
"1785","5947","997","82","2021-04-15 04:17:46.173"
"1786","5958","997","20","2021-04-15 04:17:46.173"
"1787","5960","997","12","2021-04-15 04:17:46.173"
"1788","5960","997","23","2021-04-15 04:17:50.752"
"1789","5968","997","34","2021-04-15 04:17:50.752"
"1790","5945","998","21","2021-04-15 04:17:50.752"
"1791","5927","999","5","2021-04-15 04:17:50.752"
"1792","5983","991","124","2021-04-15 04:18:02.385"
"1793","5965","990","17","2021-04-15 04:18:02.385"
"1794","5965","990","18","2021-04-15 04:18:05.331"
"1795","5957","989","67","2021-04-15 04:18:05.331"
"1796","5961","989","31","2021-04-15 04:18:05.331"
"1797","5993","997","114","2021-04-15 04:18:12.654"
"1798","5994","998","51","2021-04-15 04:18:29.061"
"1799","6005","993","37","2021-04-15 04:18:56.080"
"1800","6006","992","40","2021-04-15 04:18:56.080"
"1801","6020","993","21","2021-04-15 04:19:39.514"
"1802","6006","992","70","2021-04-15 04:19:47.764"
"1803","6037","993","35","2021-04-15 04:20:06.099"
"1804","6042","990","37","2021-04-15 04:20:24.635"
"1805","6066","991","75","2021-04-15 04:20:48.953"
"1806","6059","992","21","2021-04-15 04:20:48.953"
"1807","6059","992","108","2021-04-15 04:21:09.946"
"1808","6067","992","62","2021-04-15 04:21:09.946"
"1809","6064","993","29","2021-04-15 04:21:09.946"
"1810","6065","993","24","2021-04-15 04:21:09.946"
"1811","6074","992","26","2021-04-15 04:21:29.899"
"1812","6065","993","37","2021-04-15 04:21:29.899"
"1813","6081","992","56","2021-04-15 04:21:34.285"
"1814","6063","988","565","2021-04-15 04:21:46.862"
"1815","6069","988","73","2021-04-15 04:21:46.862"
"1816","6089","987","16","2021-04-15 04:21:46.862"
"1817","6101","988","27","2021-04-15 04:22:08.385"
"1818","6101","988","1","2021-04-15 04:22:16.416"
"1819","6089","987","21","2021-04-15 04:22:24.986"
"1820","6090","987","28","2021-04-15 04:22:24.986"
"1821","6091","987","24","2021-04-15 04:22:24.986"
"1822","6091","987","2","2021-04-15 04:22:35.846"
"1823","6119","984","92","2021-04-15 04:23:04.312"
"1824","6128","981","119","2021-04-15 04:23:34.657"
"1825","6128","981","147","2021-04-15 04:23:38.084"
"1826","6134","985","26","2021-04-15 04:23:43.435"
"1827","6133","986","46","2021-04-15 04:23:43.435"
"1828","6150","985","21","2021-04-15 04:23:50.190"
"1829","6133","986","205","2021-04-15 04:23:50.190"
"1830","6165","983","22","2021-04-15 04:23:58.006"
"1831","6164","984","50","2021-04-15 04:23:58.006"
"1832","6164","984","41","2021-04-15 04:23:58.508"
"1833","6167","984","127","2021-04-15 04:23:58.508"
"1834","6152","985","34","2021-04-15 04:23:58.508"
"1835","6156","985","57","2021-04-15 04:23:58.508"
"1836","6136","986","25","2021-04-15 04:23:58.508"
"1837","6137","986","31","2021-04-15 04:23:58.508"
"1838","6177","982","73","2021-04-15 04:24:00.950"
"1839","6176","983","39","2021-04-15 04:24:04.961"
"1840","6178","983","24","2021-04-15 04:24:04.961"
"1841","6210","981","36","2021-04-15 04:24:16.441"
"1842","6215","981","97","2021-04-15 04:24:16.635"
"1843","6212","980","27","2021-04-15 04:24:16.635"
"1844","6203","979","31","2021-04-15 04:24:16.635"
"1845","6205","979","23","2021-04-15 04:24:16.635"
"1846","6213","979","42","2021-04-15 04:24:16.635"
"1847","6219","982","98","2021-04-15 04:24:18.558"
"1848","6219","982","62","2021-04-15 04:24:20.091"
"1849","6219","982","210","2021-04-15 04:24:22.290"
"1850","6224","973","39","2021-04-15 04:24:23.998"
"1851","6232","981","42","2021-04-15 04:24:42.253"
"1852","6219","982","19","2021-04-15 04:24:42.253"
"1853","6230","973","36","2021-04-15 04:24:42.257"
"1854","6236","972","127","2021-04-15 04:24:42.257"
"1855","6237","972","27","2021-04-15 04:24:42.257"
"1856","6238","972","26","2021-04-15 04:24:42.257"
"1857","6228","971","1","2021-04-15 04:24:42.257"
"1858","6253","974","40","2021-04-15 04:24:49.230"
"1859","6252","973","35","2021-04-15 04:24:49.230"
"1860","6245","972","45","2021-04-15 04:24:49.230"
"1861","6229","971","32","2021-04-15 04:24:49.230"
"1862","6248","971","34","2021-04-15 04:24:49.230"
"1863","6251","971","69","2021-04-15 04:24:49.230"
"1864","6271","978","35","2021-04-15 04:25:06.387"
"1865","6268","977","34","2021-04-15 04:25:06.388"
"1866","6273","977","8","2021-04-15 04:25:06.388"
"1867","6275","978","23","2021-04-15 04:25:13.984"
"1868","6273","977","14","2021-04-15 04:25:18.741"
"1869","6294","975","38","2021-04-15 04:26:15.205"
"1870","6290","976","74","2021-04-15 04:26:15.205"
"1871","6295","969","43","2021-04-15 04:26:15.845"
"1872","6309","974","33","2021-04-15 04:26:29.827"
"1873","6308","975","132","2021-04-15 04:26:29.827"
"1874","6290","976","35","2021-04-15 04:26:39.608"
"1875","6299","976","85","2021-04-15 04:26:39.608"
"1876","6279","977","52","2021-04-15 04:26:39.608"
"1877","6302","977","27","2021-04-15 04:26:39.608"
"1878","6306","977","133","2021-04-15 04:26:39.608"
"1879","6275","978","134","2021-04-15 04:26:39.608"
"1880","6283","978","28","2021-04-15 04:26:39.608"
"1881","6286","978","997","2021-04-15 04:26:39.608"
"1882","6289","978","22","2021-04-15 04:26:39.608"
"1883","6270","979","46","2021-04-15 04:26:39.608"
"1884","6256","980","126","2021-04-15 04:26:39.608"
"1885","6246","981","72","2021-04-15 04:26:39.608"
"1886","6258","981","73","2021-04-15 04:26:39.608"
"1887","6320","980","36","2021-04-15 04:27:01.616"
"1888","6258","981","66","2021-04-15 04:27:01.616"
"1889","6332","973","28","2021-04-15 04:27:14.050"
"1890","6333","973","67","2021-04-15 04:27:14.050"
"1891","6334","973","56","2021-04-15 04:27:14.050"
"1892","6324","972","36","2021-04-15 04:27:14.050"
"1893","6318","971","34","2021-04-15 04:27:14.050"
"1894","6319","970","35","2021-04-15 04:27:14.050"
"1895","6322","970","38","2021-04-15 04:27:14.050"
"1896","6343","979","35","2021-04-15 04:27:24.035"
"1897","6335","980","245","2021-04-15 04:27:24.035"
"1898","6335","980","37","2021-04-15 04:27:26.813"
"1899","6258","981","76","2021-04-15 04:27:26.813"
"1900","6269","981","26","2021-04-15 04:27:26.813"
"1901","6338","981","11","2021-04-15 04:27:26.813"
"1902","6357","980","50","2021-04-15 04:27:28.304"
"1903","6376","979","29","2021-04-15 04:27:37.714"
"1904","6357","980","15","2021-04-15 04:27:37.714"
"1905","6377","980","80","2021-04-15 04:27:37.714"
"1906","6381","980","67","2021-04-15 04:27:37.714"
"1907","6339","981","59","2021-04-15 04:27:37.714"
"1908","6340","981","237","2021-04-15 04:27:37.714"
"1909","6364","981","78","2021-04-15 04:27:37.714"
"1910","6366","981","21","2021-04-15 04:27:37.714"
"1911","6368","981","693","2021-04-15 04:27:37.714"
"1912","6372","981","134","2021-04-15 04:27:37.714"
"1913","6375","981","165","2021-04-15 04:27:37.714"
"1914","6219","982","85","2021-04-15 04:27:37.714"
"1915","6391","972","44","2021-04-15 04:27:49.590"
"1916","6389","971","54","2021-04-15 04:27:49.590"
"1917","6387","970","24","2021-04-15 04:27:49.590"
"1918","6219","982","60","2021-04-15 04:27:49.591"
"1919","6219","982","69","2021-04-15 04:28:10.845"
"1920","6370","969","63","2021-04-15 04:28:42.805"
"1921","6380","969","22","2021-04-15 04:28:42.805"
"1922","6395","968","27","2021-04-15 04:28:42.805"
"1923","6404","968","26","2021-04-15 04:28:42.805"
"1924","6405","968","37","2021-04-15 04:28:42.805"
"1925","6435","978","88","2021-04-15 04:29:23.023"
"1926","6440","978","26","2021-04-15 04:29:23.023"
"1927","6427","980","31","2021-04-15 04:29:23.023"
"1928","6415","983","11","2021-04-15 04:29:23.023"
"1929","6457","967","43","2021-04-15 04:29:37.409"
"1930","6458","966","71","2021-04-15 04:29:37.409"
"1931","6460","966","83","2021-04-15 04:29:37.409"
"1932","6451","976","22","2021-04-15 04:29:45.841"
"1933","6459","977","163","2021-04-15 04:29:45.841"
"1934","6481","963","34","2021-04-15 04:30:44.638"
"1935","6478","962","68","2021-04-15 04:30:44.638"
"1936","6478","962","89","2021-04-15 04:30:48.076"
"1937","6469","971","58","2021-04-15 04:30:49.726"
"1938","6503","966","27","2021-04-15 04:31:53.363"
"1939","6506","967","62","2021-04-15 04:31:53.363"
"1940","6509","956","20","2021-04-15 04:32:47.359"
"1941","6523","957","50","2021-04-15 04:33:21.967"
"1942","6522","958","63","2021-04-15 04:33:21.967"
"1943","6547","949","58","2021-04-15 04:33:45.540"
"1944","6553","950","43","2021-04-15 04:33:50.165"
"1945","6533","951","30","2021-04-15 04:33:50.165"
"1946","6554","951","34","2021-04-15 04:33:50.165"
"1947","6558","951","34","2021-04-15 04:33:50.165"
"1948","6563","950","38","2021-04-15 04:33:56.194"
"1949","6564","950","5","2021-04-15 04:33:58.921"
"1950","6551","948","43","2021-04-15 04:34:02.220"
"1951","6559","947","26","2021-04-15 04:34:02.220"
"1952","6576","943","21","2021-04-15 04:34:24.047"
"1953","6586","949","126","2021-04-15 04:35:04.442"
"1954","6590","950","86","2021-04-15 04:35:04.442"
"1955","6603","950","37","2021-04-15 04:35:21.269"
"1956","6601","951","62","2021-04-15 04:35:21.269"
"1957","6617","950","33","2021-04-15 04:35:40.535"
"1958","6601","951","66","2021-04-15 04:35:40.535"
"1959","6601","951","68","2021-04-15 04:35:41.332"
"1960","6601","951","355","2021-04-15 04:35:43.020"
"1961","6625","948","21","2021-04-15 04:35:49.156"
"1962","6624","947","70","2021-04-15 04:35:49.156"
"1963","6635","950","26","2021-04-15 04:35:52.638"
"1964","6601","951","115","2021-04-15 04:35:52.638"
"1965","6601","951","52","2021-04-15 04:35:53.399"
