"OrderId","ClientOrderId","Price","Volume","DateTime"
"1","7","1000","27","2021-04-15 00:36:35.013"
"2","4","1001","77","2021-04-15 00:36:35.014"
"3","18","-3","28","2021-04-15 00:36:35.037"
"4","18","-3","7","2021-04-15 00:36:35.051"
"5","26","-3","28","2021-04-15 00:36:35.069"
"6","23","-4","85","2021-04-15 00:36:35.089"
"7","27","-4","15","2021-04-15 00:36:35.089"
"8","27","-4","13","2021-04-15 00:36:35.096"
"9","29","-4","139","2021-04-15 00:36:35.096"
"10","15","-5","13","2021-04-15 00:36:35.096"
"11","40","-3","40","2021-04-15 00:36:35.104"
"12","33","-1","32","2021-04-15 00:36:35.104"
"13","15","-5","73","2021-04-15 00:36:35.109"
"14","25","-5","7","2021-04-15 00:36:35.109"
"15","55","-3","38","2021-04-15 00:36:35.134"
"16","53","-4","82","2021-04-15 00:36:35.134"
"17","25","-5","110","2021-04-15 00:36:35.134"
"18","31","-5","41","2021-04-15 00:36:35.149"
"19","31","-5","25","2021-04-15 00:36:35.153"
"20","95","-13","23","2021-04-15 00:36:35.235"
"21","77","-14","21","2021-04-15 00:36:35.235"
"22","68","-15","46","2021-04-15 00:36:35.235"
"23","90","-15","28","2021-04-15 00:36:35.235"
"24","105","-13","42","2021-04-15 00:36:35.264"
"25","98","-14","32","2021-04-15 00:36:35.264"
"26","90","-15","2","2021-04-15 00:36:35.264"
"27","89","-7","30","2021-04-15 00:36:35.271"
"28","79","-6","22","2021-04-15 00:36:35.271"
"29","80","-6","22","2021-04-15 00:36:35.271"
"30","92","-6","25","2021-04-15 00:36:35.271"
"31","99","-6","7","2021-04-15 00:36:35.271"
"32","119","-9","62","2021-04-15 00:36:35.301"
"33","126","-10","29","2021-04-15 00:36:35.314"
"34","128","-10","24","2021-04-15 00:36:35.316"
"35","114","-11","22","2021-04-15 00:36:35.339"
"36","112","-12","21","2021-04-15 00:36:35.345"
"37","115","-12","42","2021-04-15 00:36:35.345"
"38","134","-12","322","2021-04-15 00:36:35.345"
"39","138","-11","21","2021-04-15 00:36:35.347"
"40","141","-11","21","2021-04-15 00:36:35.349"
"41","141","-11","2","2021-04-15 00:36:35.369"
"42","134","-12","51","2021-04-15 00:36:35.369"
"43","135","-9","34","2021-04-15 00:36:35.377"
"44","118","-8","31","2021-04-15 00:36:35.377"
"45","127","-8","71","2021-04-15 00:36:35.377"
"46","151","-8","32","2021-04-15 00:36:35.377"
"47","155","-11","37","2021-04-15 00:36:35.387"
"48","146","-12","21","2021-04-15 00:36:35.387"
"49","156","-12","11","2021-04-15 00:36:35.388"
"50","161","-15","31","2021-04-15 00:36:35.395"
"51","158","-10","26","2021-04-15 00:36:35.404"
"52","157","-9","65","2021-04-15 00:36:35.405"
"53","164","-9","22","2021-04-15 00:36:35.405"
"54","151","-8","24","2021-04-15 00:36:35.405"
"55","131","-7","11","2021-04-15 00:36:35.405"
"56","166","-16","359","2021-04-15 00:36:35.414"
"57","187","-9","30","2021-04-15 00:36:35.476"
"58","168","-8","29","2021-04-15 00:36:35.476"
"59","199","-9","54","2021-04-15 00:36:35.481"
"60","168","-8","64","2021-04-15 00:36:35.481"
"61","131","-7","13","2021-04-15 00:36:35.481"
"62","132","-7","21","2021-04-15 00:36:35.481"
"63","154","-7","125","2021-04-15 00:36:35.481"
"64","169","-7","72","2021-04-15 00:36:35.481"
"65","99","-6","38","2021-04-15 00:36:35.481"
"66","99","-6","157","2021-04-15 00:36:35.485"
"67","73","-5","56","2021-04-15 00:36:35.485"
"68","198","-11","44","2021-04-15 00:36:35.493"
"69","192","-12","20","2021-04-15 00:36:35.493"
"70","201","-12","36","2021-04-15 00:36:35.493"
"71","201","-12","46","2021-04-15 00:36:35.496"
"72","177","-14","10","2021-04-15 00:36:35.496"
"73","178","-15","27","2021-04-15 00:36:35.515"
"74","186","-15","38","2021-04-15 00:36:35.515"
"75","50","1","36","2021-04-15 00:36:35.525"
"76","255","-6","30","2021-04-15 00:36:35.596"
"77","248","-5","32","2021-04-15 00:36:35.596"
"78","235","-4","33","2021-04-15 00:36:35.596"
"79","250","-4","22","2021-04-15 00:36:35.596"
"80","254","-7","27","2021-04-15 00:36:35.601"
"81","253","-8","43","2021-04-15 00:36:35.601"
"82","257","-8","68","2021-04-15 00:36:35.619"
"83","252","-9","34","2021-04-15 00:36:35.619"
"84","261","-9","22","2021-04-15 00:36:35.619"
"85","251","-10","51","2021-04-15 00:36:35.620"
"86","249","-11","24","2021-04-15 00:36:35.620"
"87","271","-7","51","2021-04-15 00:36:35.637"
"88","270","-10","31","2021-04-15 00:36:35.639"
"89","249","-11","61","2021-04-15 00:36:35.639"
"90","276","-11","35","2021-04-15 00:36:35.639"
"91","280","-8","71","2021-04-15 00:36:35.647"
"92","285","-10","83","2021-04-15 00:36:35.657"
"93","287","-10","60","2021-04-15 00:36:35.658"
"94","292","-10","25","2021-04-15 00:36:35.678"
"95","286","-9","28","2021-04-15 00:36:35.679"
"96","286","-9","24","2021-04-15 00:36:35.681"
"97","280","-8","102","2021-04-15 00:36:35.681"
"98","294","-8","26","2021-04-15 00:36:35.681"
"99","302","-9","28","2021-04-15 00:36:35.690"
"100","292","-10","32","2021-04-15 00:36:35.690"
"101","271","-7","7","2021-04-15 00:36:35.711"
"102","283","-7","44","2021-04-15 00:36:35.711"
"103","301","-7","2","2021-04-15 00:36:35.711"
"104","301","-7","82","2021-04-15 00:36:35.746"
"105","316","-7","42","2021-04-15 00:36:35.746"
"106","311","-6","48","2021-04-15 00:36:35.746"
"107","312","-6","2","2021-04-15 00:36:35.746"
"108","336","-9","34","2021-04-15 00:36:35.759"
"109","304","-10","34","2021-04-15 00:36:35.759"
"110","341","-9","84","2021-04-15 00:36:35.767"
"111","304","-10","15","2021-04-15 00:36:35.767"
"112","333","-7","27","2021-04-15 00:36:35.778"
"113","312","-6","54","2021-04-15 00:36:35.778"
"114","353","-7","94","2021-04-15 00:36:35.793"
"115","364","-9","81","2021-04-15 00:36:35.809"
"116","365","-10","26","2021-04-15 00:36:35.810"
"117","364","-9","158","2021-04-15 00:36:35.814"
"118","371","-10","48","2021-04-15 00:36:35.828"
"119","363","-11","22","2021-04-15 00:36:35.828"
"120","359","-12","40","2021-04-15 00:36:35.828"
"121","356","-13","111","2021-04-15 00:36:35.828"
"122","361","-13","21","2021-04-15 00:36:35.828"
"123","351","-15","53","2021-04-15 00:36:35.828"
"124","360","-8","37","2021-04-15 00:36:35.831"
"125","372","-8","17","2021-04-15 00:36:35.831"
"126","399","-10","22","2021-04-15 00:36:35.886"
"127","383","-11","33","2021-04-15 00:36:35.895"
"128","403","-11","14","2021-04-15 00:36:35.895"
"129","382","-12","22","2021-04-15 00:36:35.921"
"130","410","-12","31","2021-04-15 00:36:35.921"
"131","421","-12","24","2021-04-15 00:36:35.921"
"132","427","-9","23","2021-04-15 00:36:35.931"
"133","428","-11","29","2021-04-15 00:36:35.941"
"134","421","-12","11","2021-04-15 00:36:35.941"
"135","414","-13","15","2021-04-15 00:36:35.941"
"136","416","-8","66","2021-04-15 00:36:35.942"
"137","442","-11","44","2021-04-15 00:36:35.959"
"138","439","-12","41","2021-04-15 00:36:35.959"
"139","414","-13","9","2021-04-15 00:36:35.959"
"140","440","-13","8","2021-04-15 00:36:35.959"
"141","381","-14","29","2021-04-15 00:36:35.964"
"142","460","-12","26","2021-04-15 00:36:35.985"
"143","454","-13","21","2021-04-15 00:36:35.985"
"144","452","-14","21","2021-04-15 00:36:35.985"
"145","459","-14","14","2021-04-15 00:36:35.985"
"146","457","-9","75","2021-04-15 00:36:35.999"
"147","467","-8","45","2021-04-15 00:36:35.999"
"148","456","-7","121","2021-04-15 00:36:35.999"
"149","480","-5","41","2021-04-15 00:36:36.016"
"150","479","-4","10","2021-04-15 00:36:36.016"
"151","479","-4","19","2021-04-15 00:36:36.022"
"152","477","-2","488","2021-04-15 00:36:36.022"
"153","477","-2","55","2021-04-15 00:36:36.025"
"154","484","-8","36","2021-04-15 00:36:36.031"
"155","482","-9","59","2021-04-15 00:36:36.031"
"156","489","-9","38","2021-04-15 00:36:36.031"
"157","473","-10","26","2021-04-15 00:36:36.031"
"158","475","-11","39","2021-04-15 00:36:36.040"
"159","495","-12","34","2021-04-15 00:36:36.040"
"160","503","-3","44","2021-04-15 00:36:36.051"
"161","478","-2","32","2021-04-15 00:36:36.051"
"162","501","-7","91","2021-04-15 00:36:36.056"
"163","505","-7","41","2021-04-15 00:36:36.056"
"164","500","-8","299","2021-04-15 00:36:36.056"
"165","497","-9","10","2021-04-15 00:36:36.056"
"166","508","-10","66","2021-04-15 00:36:36.069"
"167","512","-11","25","2021-04-15 00:36:36.084"
"168","522","-12","100","2021-04-15 00:36:36.084"
"169","478","-2","72","2021-04-15 00:36:36.086"
"170","535","-9","22","2021-04-15 00:36:36.128"
"171","478","-2","22","2021-04-15 00:36:36.152"
"172","547","-2","28","2021-04-15 00:36:36.152"
"173","486","-1","32","2021-04-15 00:36:36.152"
"174","540","-1","23","2021-04-15 00:36:36.152"
"175","546","-7","42","2021-04-15 00:36:36.153"
"176","545","-8","31","2021-04-15 00:36:36.153"
"177","551","-8","49","2021-04-15 00:36:36.153"
"178","554","-9","51","2021-04-15 00:36:36.158"
"179","554","-9","5","2021-04-15 00:36:36.161"
"180","558","-10","48","2021-04-15 00:36:36.161"
"181","561","-9","35","2021-04-15 00:36:36.165"
"182","555","-8","29","2021-04-15 00:36:36.165"
"183","563","-10","25","2021-04-15 00:36:36.172"
"184","567","-10","70","2021-04-15 00:36:36.175"
"185","567","-10","18","2021-04-15 00:36:36.176"
"186","572","-12","57","2021-04-15 00:36:36.180"
"187","576","-5","43","2021-04-15 00:36:36.188"
"188","578","-11","61","2021-04-15 00:36:36.215"
"189","572","-12","59","2021-04-15 00:36:36.221"
"190","614","-15","165","2021-04-15 00:36:36.249"
"191","624","-11","24","2021-04-15 00:36:36.274"
"192","593","-9","28","2021-04-15 00:36:36.274"
"193","601","-9","40","2021-04-15 00:36:36.274"
"194","586","-8","26","2021-04-15 00:36:36.286"
"195","584","-7","24","2021-04-15 00:36:36.286"
"196","635","-7","32","2021-04-15 00:36:36.286"
"197","628","-12","21","2021-04-15 00:36:36.287"
"198","618","-13","39","2021-04-15 00:36:36.287"
"199","635","-7","98","2021-04-15 00:36:36.294"
"200","618","-13","6","2021-04-15 00:36:36.305"
"201","621","-13","42","2021-04-15 00:36:36.305"
"202","633","-13","29","2021-04-15 00:36:36.305"
"203","656","-10","20","2021-04-15 00:36:36.328"
"204","654","-9","31","2021-04-15 00:36:36.328"
"205","654","-9","97","2021-04-15 00:36:36.345"
"206","651","-8","69","2021-04-15 00:36:36.345"
"207","662","-8","75","2021-04-15 00:36:36.345"
"208","664","-8","25","2021-04-15 00:36:36.345"
"209","652","-12","23","2021-04-15 00:36:36.353"
"210","665","-12","23","2021-04-15 00:36:36.353"
"211","673","-13","47","2021-04-15 00:36:36.353"
"212","689","-5","33","2021-04-15 00:36:36.380"
"213","686","-4","30","2021-04-15 00:36:36.380"
"214","686","-4","51","2021-04-15 00:36:36.387"
"215","694","-3","20","2021-04-15 00:36:36.387"
"216","701","-2","51","2021-04-15 00:36:36.401"
"217","673","-13","15","2021-04-15 00:36:36.408"
"218","696","-13","1786","2021-04-15 00:36:36.408"
"219","709","-10","51","2021-04-15 00:36:36.411"
"220","709","-10","362","2021-04-15 00:36:36.413"
"221","707","-9","23","2021-04-15 00:36:36.413"
"222","711","-9","57","2021-04-15 00:36:36.413"
"223","696","-13","219","2021-04-15 00:36:36.428"
"224","727","-12","48","2021-04-15 00:36:36.441"
"225","696","-13","4","2021-04-15 00:36:36.441"
"226","696","-13","388","2021-04-15 00:36:36.444"
"227","733","-7","24","2021-04-15 00:36:36.453"
"228","739","-10","25","2021-04-15 00:36:36.461"
"229","744","-10","10","2021-04-15 00:36:36.467"
"230","741","-11","31","2021-04-15 00:36:36.467"
"231","740","-12","72","2021-04-15 00:36:36.467"
"232","742","-12","15","2021-04-15 00:36:36.467"
"233","754","-7","138","2021-04-15 00:36:36.482"
"234","757","-11","25","2021-04-15 00:36:36.488"
"235","742","-12","24","2021-04-15 00:36:36.488"
"236","743","-12","22","2021-04-15 00:36:36.488"
"237","760","-12","54","2021-04-15 00:36:36.488"
"238","696","-13","48","2021-04-15 00:36:36.488"
"239","696","-13","133","2021-04-15 00:36:36.489"
"240","696","-13","4006","2021-04-15 00:36:36.499"
"241","750","-13","32","2021-04-15 00:36:36.499"
"242","774","-10","22","2021-04-15 00:36:36.511"
"243","766","-9","98","2021-04-15 00:36:36.511"
"244","777","-9","27","2021-04-15 00:36:36.511"
"245","761","-8","1","2021-04-15 00:36:36.511"
"246","776","-13","48","2021-04-15 00:36:36.514"
"247","786","-19","48","2021-04-15 00:36:36.521"
"248","782","-9","133","2021-04-15 00:36:36.530"
"249","790","-9","70","2021-04-15 00:36:36.542"
"250","817","-11","35","2021-04-15 00:36:36.572"
"251","790","-9","20","2021-04-15 00:36:36.572"
"252","761","-8","46","2021-04-15 00:36:36.572"
"253","765","-7","21","2021-04-15 00:36:36.572"
"254","824","-13","91","2021-04-15 00:36:36.581"
"255","810","-14","22","2021-04-15 00:36:36.581"
"256","813","-14","11","2021-04-15 00:36:36.581"
"257","833","-8","29","2021-04-15 00:36:36.591"
"258","765","-7","139","2021-04-15 00:36:36.591"
"259","827","-6","53","2021-04-15 00:36:36.591"
"260","828","-6","27","2021-04-15 00:36:36.591"
"261","829","-6","31","2021-04-15 00:36:36.591"
"262","831","-6","82","2021-04-15 00:36:36.591"
"263","843","-4","38","2021-04-15 00:36:36.620"
"264","854","-5","43","2021-04-15 00:36:36.623"
"265","854","-5","5","2021-04-15 00:36:36.624"
"266","856","-6","33","2021-04-15 00:36:36.626"
"267","861","-13","49","2021-04-15 00:36:36.633"
"268","862","-14","7","2021-04-15 00:36:36.633"
"269","862","-14","15","2021-04-15 00:36:36.635"
"270","868","-10","54","2021-04-15 00:36:36.640"
"271","879","-9","67","2021-04-15 00:36:36.651"
"272","878","-8","40","2021-04-15 00:36:36.651"
"273","877","-7","63","2021-04-15 00:36:36.651"
"274","871","-6","48","2021-04-15 00:36:36.651"
"275","863","-5","23","2021-04-15 00:36:36.651"
"276","874","-5","51","2021-04-15 00:36:36.651"
"277","883","-13","32","2021-04-15 00:36:36.655"
"278","892","-12","53","2021-04-15 00:36:36.670"
"279","893","-10","43","2021-04-15 00:36:36.681"
"280","894","-10","66","2021-04-15 00:36:36.681"
"281","900","-9","25","2021-04-15 00:36:36.681"
"282","901","-9","48","2021-04-15 00:36:36.681"
"283","902","-9","12","2021-04-15 00:36:36.681"
"284","918","-13","76","2021-04-15 00:36:36.709"
"285","918","-13","16","2021-04-15 00:36:36.726"
"286","927","-12","60","2021-04-15 00:36:36.726"
"287","910","-11","39","2021-04-15 00:36:36.726"
"288","929","-16","22","2021-04-15 00:36:36.735"
"289","929","-16","11","2021-04-15 00:36:36.742"
"290","919","-17","25","2021-04-15 00:36:36.742"
"291","932","-17","27","2021-04-15 00:36:36.742"
"292","933","-17","25","2021-04-15 00:36:36.742"
"293","941","-11","20","2021-04-15 00:36:36.750"
"294","954","-11","25","2021-04-15 00:36:36.762"
"295","967","-24","33","2021-04-15 00:36:36.775"
"296","963","-19","40","2021-04-15 00:36:36.796"
"297","968","-19","21","2021-04-15 00:36:36.796"
"298","972","-19","47","2021-04-15 00:36:36.796"
"299","974","-19","56","2021-04-15 00:36:36.796"
"300","974","-19","86","2021-04-15 00:36:36.803"
"301","991","-20","61","2021-04-15 00:36:36.817"
"302","987","-21","13","2021-04-15 00:36:36.817"
"303","1000","-14","43","2021-04-15 00:36:36.823"
"304","1006","-22","38","2021-04-15 00:36:36.835"
"305","1013","-12","37","2021-04-15 00:36:36.846"
"306","1002","-11","24","2021-04-15 00:36:36.846"
"307","1005","-11","40","2021-04-15 00:36:36.846"
"308","1023","-18","22","2021-04-15 00:36:36.866"
"309","1019","-19","39","2021-04-15 00:36:36.866"
"310","1032","-13","64","2021-04-15 00:36:36.874"
"311","1022","-12","186","2021-04-15 00:36:36.874"
"312","1014","-11","27","2021-04-15 00:36:36.874"
"313","1029","-11","24","2021-04-15 00:36:36.874"
"314","1040","-19","58","2021-04-15 00:36:36.889"
"315","1020","-20","32","2021-04-15 00:36:36.889"
"316","1041","-20","35","2021-04-15 00:36:36.889"
"317","1042","-20","21","2021-04-15 00:36:36.889"
"318","1044","-20","25","2021-04-15 00:36:36.889"
"319","1018","-21","41","2021-04-15 00:36:36.889"
"320","1055","-19","23","2021-04-15 00:36:36.908"
"321","1058","-18","75","2021-04-15 00:36:36.908"
"322","1058","-18","61","2021-04-15 00:36:36.914"
"323","1059","-21","78","2021-04-15 00:36:36.918"
"324","1078","-20","43","2021-04-15 00:36:36.942"
"325","1065","-21","22","2021-04-15 00:36:36.943"
"326","1079","-21","14","2021-04-15 00:36:36.943"
"327","1058","-18","9","2021-04-15 00:36:36.952"
"328","1060","-18","13","2021-04-15 00:36:36.952"
"329","1083","-20","22","2021-04-15 00:36:36.956"
"330","1079","-21","29","2021-04-15 00:36:36.956"
"331","1076","-22","43","2021-04-15 00:36:36.956"
"332","1056","-23","110","2021-04-15 00:36:36.956"
"333","1096","-19","25","2021-04-15 00:36:36.974"
"334","1096","-19","27","2021-04-15 00:36:36.977"
"335","1060","-18","50","2021-04-15 00:36:36.977"
"336","1073","-18","22","2021-04-15 00:36:36.977"
"337","1075","-17","6","2021-04-15 00:36:36.977"
"338","1103","-19","34","2021-04-15 00:36:36.981"
"339","1099","-20","19","2021-04-15 00:36:36.981"
"340","1075","-17","29","2021-04-15 00:36:36.982"
"341","1104","-16","39","2021-04-15 00:36:36.983"
"342","1099","-20","4","2021-04-15 00:36:36.984"
"343","1098","-21","81","2021-04-15 00:36:36.984"
"344","1101","-21","72","2021-04-15 00:36:36.984"
"345","1091","-22","132","2021-04-15 00:36:36.984"
"346","1056","-23","39","2021-04-15 00:36:36.984"
"347","1092","-23","63","2021-04-15 00:36:36.984"
"348","1052","-24","25","2021-04-15 00:36:36.984"
"349","1112","-15","51","2021-04-15 00:36:36.988"
"350","1112","-15","35","2021-04-15 00:36:36.990"
"351","1112","-15","194","2021-04-15 00:36:36.994"
"352","1129","-18","53","2021-04-15 00:36:37.012"
"353","1132","-19","29","2021-04-15 00:36:37.012"
"354","1134","-19","308","2021-04-15 00:36:37.012"
"355","1126","-10","22","2021-04-15 00:36:37.019"
"356","1136","-10","37","2021-04-15 00:36:37.019"
"357","1157","-12","24","2021-04-15 00:36:37.052"
"358","1146","-11","33","2021-04-15 00:36:37.054"
"359","1159","-12","257","2021-04-15 00:36:37.055"
"360","1161","-12","36","2021-04-15 00:36:37.056"
"361","1161","-12","239","2021-04-15 00:36:37.058"
"362","1174","-12","30","2021-04-15 00:36:37.079"
"363","1146","-11","28","2021-04-15 00:36:37.080"
"364","1169","-11","34","2021-04-15 00:36:37.080"
"365","1158","-14","44","2021-04-15 00:36:37.091"
"366","1163","-14","8","2021-04-15 00:36:37.091"
"367","1163","-14","43","2021-04-15 00:36:37.094"
"368","1185","-8","28","2021-04-15 00:36:37.097"
"369","1186","-8","563","2021-04-15 00:36:37.115"
"370","1201","-9","21","2021-04-15 00:36:37.124"
"371","1186","-8","77","2021-04-15 00:36:37.124"
"372","1211","-10","37","2021-04-15 00:36:37.143"
"373","1209","-9","24","2021-04-15 00:36:37.143"
"374","1212","-9","48","2021-04-15 00:36:37.143"
"375","1186","-8","93","2021-04-15 00:36:37.143"
"376","1216","-17","51","2021-04-15 00:36:37.145"
"377","1248","-12","65","2021-04-15 00:36:37.209"
"378","1262","-19","108","2021-04-15 00:36:37.236"
"379","1246","-11","79","2021-04-15 00:36:37.275"
"380","1246","-11","259","2021-04-15 00:36:37.276"
"381","1284","-22","25","2021-04-15 00:36:37.277"
"382","1278","-23","23","2021-04-15 00:36:37.277"
"383","1279","-24","155","2021-04-15 00:36:37.277"
"384","1279","-24","56","2021-04-15 00:36:37.281"
"385","1250","-11","26","2021-04-15 00:36:37.291"
"386","1263","-11","34","2021-04-15 00:36:37.291"
"387","1316","-21","20","2021-04-15 00:36:37.337"
"388","1309","-22","35","2021-04-15 00:36:37.337"
"389","1302","-14","36","2021-04-15 00:36:37.338"
"390","1306","-14","38","2021-04-15 00:36:37.338"
"391","1299","-13","30","2021-04-15 00:36:37.338"
"392","1308","-23","40","2021-04-15 00:36:37.346"
"393","1319","-23","140","2021-04-15 00:36:37.346"
"394","1296","-24","129","2021-04-15 00:36:37.346"
"395","1322","-24","51","2021-04-15 00:36:37.346"
"396","1321","-12","85","2021-04-15 00:36:37.355"
"397","1263","-11","258","2021-04-15 00:36:37.355"
"398","1239","-10","56","2021-04-15 00:36:37.355"
"399","1255","-10","20","2021-04-15 00:36:37.355"
"400","1259","-10","28","2021-04-15 00:36:37.355"
"401","1285","-10","176","2021-04-15 00:36:37.355"
"402","1325","-14","109","2021-04-15 00:36:37.359"
"403","1338","-15","56","2021-04-15 00:36:37.378"
"404","1354","-8","288","2021-04-15 00:36:37.400"
"405","1338","-15","20","2021-04-15 00:36:37.402"
"406","1342","-16","30","2021-04-15 00:36:37.402"
"407","1365","-15","81","2021-04-15 00:36:37.412"
"408","1365","-15","14","2021-04-15 00:36:37.413"
"409","1342","-16","28","2021-04-15 00:36:37.413"
"410","1353","-16","1164","2021-04-15 00:36:37.413"
"411","1368","-10","21","2021-04-15 00:36:37.414"
"412","1364","-9","124","2021-04-15 00:36:37.414"
"413","1353","-16","61","2021-04-15 00:36:37.423"
"414","1353","-16","50","2021-04-15 00:36:37.427"
"415","1353","-16","77","2021-04-15 00:36:37.432"
"416","1387","-17","51","2021-04-15 00:36:37.439"
"417","1385","-18","20","2021-04-15 00:36:37.439"
"418","1390","-12","23","2021-04-15 00:36:37.447"
"419","1376","-11","26","2021-04-15 00:36:37.447"
"420","1375","-10","44","2021-04-15 00:36:37.447"
"421","1418","-17","25","2021-04-15 00:36:37.497"
"422","1416","-18","27","2021-04-15 00:36:37.497"
"423","1423","-13","36","2021-04-15 00:36:37.502"
"424","1419","-12","24","2021-04-15 00:36:37.502"
"425","1416","-18","15","2021-04-15 00:36:37.504"
"426","1399","-19","39","2021-04-15 00:36:37.504"
"427","1392","-20","33","2021-04-15 00:36:37.504"
"428","1411","-20","20","2021-04-15 00:36:37.504"
"429","1412","-20","28","2021-04-15 00:36:37.504"
"430","1429","-13","20","2021-04-15 00:36:37.523"
"431","1438","-12","61","2021-04-15 00:36:37.531"
"432","1437","-11","7","2021-04-15 00:36:37.531"
"433","1447","-12","95","2021-04-15 00:36:37.546"
"434","1429","-13","45","2021-04-15 00:36:37.550"
"435","1454","-13","28","2021-04-15 00:36:37.552"
"436","1447","-12","33","2021-04-15 00:36:37.552"
"437","1457","-13","57","2021-04-15 00:36:37.566"
"438","1427","-14","22","2021-04-15 00:36:37.572"
"439","1431","-14","19","2021-04-15 00:36:37.572"
"440","1431","-14","12","2021-04-15 00:36:37.574"
"441","1444","-14","17","2021-04-15 00:36:37.574"
"442","1462","-13","55","2021-04-15 00:36:37.578"
"443","1478","-13","22","2021-04-15 00:36:37.599"
"444","1461","-12","26","2021-04-15 00:36:37.599"
"445","1469","-12","7","2021-04-15 00:36:37.599"
"446","1482","-13","22","2021-04-15 00:36:37.603"
"447","1469","-12","17","2021-04-15 00:36:37.603"
"448","1471","-12","23","2021-04-15 00:36:37.603"
"449","1479","-12","19","2021-04-15 00:36:37.603"
"450","1463","-15","25","2021-04-15 00:36:37.608"
"451","1470","-15","42","2021-04-15 00:36:37.608"
"452","1476","-16","16","2021-04-15 00:36:37.608"
"453","1490","-15","22","2021-04-15 00:36:37.621"
"454","1488","-14","29","2021-04-15 00:36:37.644"
"455","1486","-13","71","2021-04-15 00:36:37.644"
"456","1507","-12","34","2021-04-15 00:36:37.685"
"457","1440","-11","38","2021-04-15 00:36:37.685"
"458","1529","-16","35","2021-04-15 00:36:37.695"
"459","1504","-17","43","2021-04-15 00:36:37.695"
"460","1513","-17","22","2021-04-15 00:36:37.695"
"461","1516","-17","57","2021-04-15 00:36:37.695"
"462","1440","-11","16","2021-04-15 00:36:37.697"
"463","1449","-11","31","2021-04-15 00:36:37.697"
"464","1511","-11","125","2021-04-15 00:36:37.697"
"465","1511","-11","32","2021-04-15 00:36:37.709"
"466","1523","-11","61","2021-04-15 00:36:37.709"
"467","1525","-11","92","2021-04-15 00:36:37.709"
"468","1432","-10","3","2021-04-15 00:36:37.709"
"469","1432","-10","59","2021-04-15 00:36:37.712"
"470","1532","-10","61","2021-04-15 00:36:37.712"
"471","1367","-8","44","2021-04-15 00:36:37.712"
"472","1367","-8","167","2021-04-15 00:36:37.714"
"473","1547","-16","62","2021-04-15 00:36:37.724"
"474","1516","-17","5","2021-04-15 00:36:37.724"
"475","1561","-16","65","2021-04-15 00:36:37.741"
"476","1516","-17","4","2021-04-15 00:36:37.741"
"477","1516","-17","4","2021-04-15 00:36:37.746"
"478","1563","-18","157","2021-04-15 00:36:37.746"
"479","1564","-18","34","2021-04-15 00:36:37.746"
"480","1554","-10","66","2021-04-15 00:36:37.749"
"481","1586","-16","35","2021-04-15 00:36:37.779"
"482","1587","-13","33","2021-04-15 00:36:37.781"
"483","1582","-12","20","2021-04-15 00:36:37.781"
"484","1577","-11","24","2021-04-15 00:36:37.781"
"485","1554","-10","59","2021-04-15 00:36:37.781"
"486","1628","-13","20","2021-04-15 00:36:37.846"
"487","1625","-12","26","2021-04-15 00:36:37.846"
"488","1635","-4","68","2021-04-15 00:36:37.854"
"489","1647","-6","120","2021-04-15 00:36:37.886"
"490","1641","-5","36","2021-04-15 00:36:37.886"
"491","1641","-5","10","2021-04-15 00:36:37.900"
"492","1657","-5","23","2021-04-15 00:36:37.900"
"493","1635","-4","303","2021-04-15 00:36:37.900"
"494","1660","-11","103","2021-04-15 00:36:37.903"
"495","1674","-6","54","2021-04-15 00:36:37.914"
"496","1668","-5","32","2021-04-15 00:36:37.914"
"497","1635","-4","78","2021-04-15 00:36:37.914"
"498","1675","-9","20","2021-04-15 00:36:37.920"
"499","1699","-4","27","2021-04-15 00:36:37.945"
"500","1686","-5","122","2021-04-15 00:36:37.945"
"501","1685","-6","37","2021-04-15 00:36:37.945"
"502","1687","-6","125","2021-04-15 00:36:37.945"
"503","1701","-7","26","2021-04-15 00:36:37.957"
"504","1702","-7","24","2021-04-15 00:36:37.957"
"505","1690","-1","57","2021-04-15 00:36:37.961"
"506","1725","1","80","2021-04-15 00:36:37.983"
"507","1718","2","49","2021-04-15 00:36:37.983"
"508","1743","-2","52","2021-04-15 00:36:38.028"
"509","1722","-4","39","2021-04-15 00:36:38.044"
"510","1755","-4","18","2021-04-15 00:36:38.044"
"511","1755","-4","31","2021-04-15 00:36:38.046"
"512","1757","-4","24","2021-04-15 00:36:38.046"
"513","1759","-1","56","2021-04-15 00:36:38.055"
"514","1785","-1","65","2021-04-15 00:36:38.075"
"515","1747","0","36","2021-04-15 00:36:38.075"
"516","1761","0","6","2021-04-15 00:36:38.075"
"517","1740","1","67","2021-04-15 00:36:38.098"
"518","1758","1","47","2021-04-15 00:36:38.098"
"519","1758","1","8","2021-04-15 00:36:38.105"
"520","1793","1","24","2021-04-15 00:36:38.106"
"521","1718","2","168","2021-04-15 00:36:38.106"
"522","1744","2","75","2021-04-15 00:36:38.106"
"523","1794","2","113","2021-04-15 00:36:38.106"
"524","1803","2","41","2021-04-15 00:36:38.106"
"525","1804","2","140","2021-04-15 00:36:38.106"
"526","1737","3","459","2021-04-15 00:36:38.106"
"527","1756","3","54","2021-04-15 00:36:38.106"
"528","1841","7","102","2021-04-15 00:36:38.204"
"529","1858","6","31","2021-04-15 00:36:38.209"
"530","1841","7","39","2021-04-15 00:36:38.209"
"531","1870","7","23","2021-04-15 00:36:38.238"
"532","1847","8","61","2021-04-15 00:36:38.238"
"533","1877","10","58","2021-04-15 00:36:38.249"
"534","1876","7","66","2021-04-15 00:36:38.253"
"535","1874","6","20","2021-04-15 00:36:38.253"
"536","1874","6","6","2021-04-15 00:36:38.254"
"537","1871","5","23","2021-04-15 00:36:38.254"
"538","1863","4","289","2021-04-15 00:36:38.254"
"539","1856","3","175","2021-04-15 00:36:38.254"
"540","1885","4","35","2021-04-15 00:36:38.260"
"541","1856","3","87","2021-04-15 00:36:38.260"
"542","1851","0","48","2021-04-15 00:36:38.260"
"543","1846","-1","29","2021-04-15 00:36:38.260"
"544","1835","-2","27","2021-04-15 00:36:38.260"
"545","1852","-2","56","2021-04-15 00:36:38.260"
"546","1829","-3","21","2021-04-15 00:36:38.260"
"547","1836","-3","31","2021-04-15 00:36:38.260"
"548","1837","-3","27","2021-04-15 00:36:38.260"
"549","1840","-3","7","2021-04-15 00:36:38.260"
"550","1896","5","67","2021-04-15 00:36:38.285"
"551","1891","10","24","2021-04-15 00:36:38.324"
"552","1880","12","268","2021-04-15 00:36:38.324"
"553","1924","7","25","2021-04-15 00:36:38.359"
"554","1923","6","36","2021-04-15 00:36:38.359"
"555","1894","0","17","2021-04-15 00:36:38.359"
"556","1934","8","21","2021-04-15 00:36:38.380"
"557","1931","9","30","2021-04-15 00:36:38.380"
"558","1936","11","20","2021-04-15 00:36:38.385"
"559","1930","2","56","2021-04-15 00:36:38.387"
"560","1940","12","69","2021-04-15 00:36:38.390"
"561","1930","2","54","2021-04-15 00:36:38.399"
"562","1932","1","232","2021-04-15 00:36:38.399"
"563","1941","1","28","2021-04-15 00:36:38.399"
"564","1945","1","59","2021-04-15 00:36:38.399"
"565","1946","1","20","2021-04-15 00:36:38.399"
"566","1894","0","8","2021-04-15 00:36:38.399"
"567","1922","0","238","2021-04-15 00:36:38.399"
"568","1950","4","39","2021-04-15 00:36:38.406"
"569","1951","3","37","2021-04-15 00:36:38.406"
"570","1953","4","54","2021-04-15 00:36:38.410"
"571","1951","3","9","2021-04-15 00:36:38.412"
"572","1961","1","22","2021-04-15 00:36:38.420"
"573","1957","2","39","2021-04-15 00:36:38.420"
"574","1956","3","16","2021-04-15 00:36:38.420"
"575","1958","3","26","2021-04-15 00:36:38.420"
"576","1953","4","52","2021-04-15 00:36:38.420"
"577","1954","5","51","2021-04-15 00:36:38.420"
"578","1969","3","40","2021-04-15 00:36:38.437"
"579","1922","0","34","2021-04-15 00:36:38.437"
"580","1970","4","63","2021-04-15 00:36:38.438"
"581","1976","3","45","2021-04-15 00:36:38.446"
"582","1970","4","27","2021-04-15 00:36:38.446"
"583","1968","5","20","2021-04-15 00:36:38.446"
"584","1972","5","34","2021-04-15 00:36:38.446"
"585","1965","6","68","2021-04-15 00:36:38.446"
"586","1981","5","51","2021-04-15 00:36:38.451"
"587","1981","5","25","2021-04-15 00:36:38.468"
"588","1988","6","25","2021-04-15 00:36:38.469"
"589","1992","6","35","2021-04-15 00:36:38.474"
"590","1981","5","68","2021-04-15 00:36:38.474"
"591","1922","0","55","2021-04-15 00:36:38.474"
"592","1893","-1","12","2021-04-15 00:36:38.474"
"593","1998","6","38","2021-04-15 00:36:38.502"
"594","2001","7","43","2021-04-15 00:36:38.502"
"595","2001","7","36","2021-04-15 00:36:38.515"
"596","2017","12","64","2021-04-15 00:36:38.553"
"597","2026","13","21","2021-04-15 00:36:38.553"
"598","2030","5","23","2021-04-15 00:36:38.560"
"599","2030","5","63","2021-04-15 00:36:38.569"
"600","2030","5","57","2021-04-15 00:36:38.570"
"601","2039","6","40","2021-04-15 00:36:38.573"
"602","2030","5","50","2021-04-15 00:36:38.573"
"603","2049","7","55","2021-04-15 00:36:38.594"
"604","2044","8","21","2021-04-15 00:36:38.594"
"605","2050","8","40","2021-04-15 00:36:38.611"
"606","2059","9","21","2021-04-15 00:36:38.618"
"607","2064","9","38","2021-04-15 00:36:38.622"
"608","2043","6","69","2021-04-15 00:36:38.645"
"609","2030","5","345","2021-04-15 00:36:38.645"
"610","2030","5","119","2021-04-15 00:36:38.650"
"611","2086","6","21","2021-04-15 00:36:38.652"
"612","2096","6","59","2021-04-15 00:36:38.673"
"613","2099","9","42","2021-04-15 00:36:38.682"
"614","2094","10","13","2021-04-15 00:36:38.682"
"615","2104","9","29","2021-04-15 00:36:38.691"
"616","2103","8","26","2021-04-15 00:36:38.703"
"617","2102","7","47","2021-04-15 00:36:38.703"
"618","2121","9","34","2021-04-15 00:36:38.739"
"619","2123","9","40","2021-04-15 00:36:38.741"
"620","2123","9","207","2021-04-15 00:36:38.750"
"621","2123","9","44","2021-04-15 00:36:38.752"
"622","2118","8","27","2021-04-15 00:36:38.757"
"623","2118","8","112","2021-04-15 00:36:38.776"
"624","2102","7","18","2021-04-15 00:36:38.776"
"625","2108","7","22","2021-04-15 00:36:38.776"
"626","2109","7","29","2021-04-15 00:36:38.776"
"627","2129","7","2","2021-04-15 00:36:38.776"
"628","2096","6","41","2021-04-15 00:36:38.839"
"629","2030","5","29","2021-04-15 00:36:38.839"
"630","2157","9","94","2021-04-15 00:36:38.856"
"631","2158","7","25","2021-04-15 00:36:38.873"
"632","2156","6","84","2021-04-15 00:36:38.873"
"633","2030","5","77","2021-04-15 00:36:38.873"
"634","2114","10","70","2021-04-15 00:36:38.874"
"635","2174","6","34","2021-04-15 00:36:38.894"
"636","2100","5","36","2021-04-15 00:36:38.894"
"637","2152","5","31","2021-04-15 00:36:38.894"
"638","2029","4","24","2021-04-15 00:36:38.894"
"639","2175","9","54","2021-04-15 00:36:38.896"
"640","2029","4","29","2021-04-15 00:36:38.927"
"641","2031","4","67","2021-04-15 00:36:38.927"
"642","2169","4","41","2021-04-15 00:36:38.959"
"643","2169","4","26","2021-04-15 00:36:38.964"
"644","2002","3","39","2021-04-15 00:36:38.978"
"645","2002","3","96","2021-04-15 00:36:38.979"
"646","2209","4","41","2021-04-15 00:36:38.980"
"647","2197","5","30","2021-04-15 00:36:38.980"
"648","2210","5","26","2021-04-15 00:36:38.980"
"649","2193","6","5","2021-04-15 00:36:38.980"
"650","2229","4","32","2021-04-15 00:36:39.009"
"651","2002","3","79","2021-04-15 00:36:39.017"
"652","2239","5","35","2021-04-15 00:36:39.038"
"653","2239","5","84","2021-04-15 00:36:39.040"
"654","2239","5","48","2021-04-15 00:36:39.050"
"655","2239","5","60","2021-04-15 00:36:39.051"
"656","2193","6","102","2021-04-15 00:36:39.052"
"657","2193","6","15","2021-04-15 00:36:39.054"
"658","2199","6","32","2021-04-15 00:36:39.054"
"659","2199","6","160","2021-04-15 00:36:39.055"
"660","2239","5","41","2021-04-15 00:36:39.057"
"661","2239","5","49","2021-04-15 00:36:39.058"
"662","2259","3","30","2021-04-15 00:36:39.076"
"663","2006","2","36","2021-04-15 00:36:39.076"
"664","2022","2","57","2021-04-15 00:36:39.076"
"665","2262","3","133","2021-04-15 00:36:39.091"
"666","2022","2","33","2021-04-15 00:36:39.091"
"667","2261","1","23","2021-04-15 00:36:39.119"
"668","2269","1","36","2021-04-15 00:36:39.119"
"669","2276","1","23","2021-04-15 00:36:39.119"
"670","1840","-3","35","2021-04-15 00:36:39.119"
"671","1819","-5","16","2021-04-15 00:36:39.119"
"672","2293","-6","25","2021-04-15 00:36:39.144"
"673","2296","0","24","2021-04-15 00:36:39.183"
"674","2319","1","22","2021-04-15 00:36:39.188"
"675","2312","2","28","2021-04-15 00:36:39.188"
"676","2322","2","53","2021-04-15 00:36:39.188"
"677","2292","3","40","2021-04-15 00:36:39.188"
"678","2327","2","27","2021-04-15 00:36:39.196"
"679","2292","3","26","2021-04-15 00:36:39.198"
"680","2331","3","19","2021-04-15 00:36:39.199"
"681","2327","2","5","2021-04-15 00:36:39.201"
"682","2332","3","56","2021-04-15 00:36:39.218"
"683","2340","2","27","2021-04-15 00:36:39.222"
"684","2347","2","63","2021-04-15 00:36:39.230"
"685","2296","0","39","2021-04-15 00:36:39.270"
"686","2296","0","35","2021-04-15 00:36:39.271"
"687","2345","0","52","2021-04-15 00:36:39.271"
"688","2402","-2","68","2021-04-15 00:36:39.324"
"689","2377","0","1","2021-04-15 00:36:39.343"
"690","2415","0","23","2021-04-15 00:36:39.410"
"691","2375","1","43","2021-04-15 00:36:39.419"
"692","2348","2","84","2021-04-15 00:36:39.419"
"693","2381","2","29","2021-04-15 00:36:39.419"
"694","2421","2","24","2021-04-15 00:36:39.419"
"695","2429","2","29","2021-04-15 00:36:39.419"
"696","2431","2","23","2021-04-15 00:36:39.419"
"697","2373","3","150","2021-04-15 00:36:39.419"
"698","2389","3","39","2021-04-15 00:36:39.457"
"699","2410","3","36","2021-04-15 00:36:39.457"
"700","2443","3","54","2021-04-15 00:36:39.457"
"701","2283","4","36","2021-04-15 00:36:39.457"
"702","2346","4","45","2021-04-15 00:36:39.457"
"703","2413","4","64","2021-04-15 00:36:39.457"
"704","2477","2","64","2021-04-15 00:36:39.501"
"705","2489","1","32","2021-04-15 00:36:39.522"
"706","2477","2","7","2021-04-15 00:36:39.522"
"707","2465","3","23","2021-04-15 00:36:39.522"
"708","2479","3","2","2021-04-15 00:36:39.522"
"709","2503","3","99","2021-04-15 00:36:39.542"
"710","2415","0","13","2021-04-15 00:36:39.559"
"711","2516","0","44","2021-04-15 00:36:39.584"
"712","2516","0","19","2021-04-15 00:36:39.585"
"713","2520","0","31","2021-04-15 00:36:39.585"
"714","2520","0","8","2021-04-15 00:36:39.588"
"715","2527","0","25","2021-04-15 00:36:39.588"
"716","2531","0","2","2021-04-15 00:36:39.649"
"717","2544","0","31","2021-04-15 00:36:39.650"
"718","2547","1","65","2021-04-15 00:36:39.659"
"719","2544","0","22","2021-04-15 00:36:39.662"
"720","2544","0","34","2021-04-15 00:36:39.680"
"721","2544","0","5","2021-04-15 00:36:39.690"
"722","2563","0","37","2021-04-15 00:36:39.690"
"723","2563","0","66","2021-04-15 00:36:39.714"
"724","2575","0","52","2021-04-15 00:36:39.714"
"725","2414","-1","20","2021-04-15 00:36:39.723"
"726","2433","-1","26","2021-04-15 00:36:39.723"
"727","2445","-1","26","2021-04-15 00:36:39.723"
"728","2500","-1","3","2021-04-15 00:36:39.723"
"729","2586","0","5","2021-04-15 00:36:39.746"
"730","2598","0","16","2021-04-15 00:36:39.746"
"731","2506","-1","130","2021-04-15 00:36:39.752"
"732","2598","0","7","2021-04-15 00:36:39.755"
"733","2604","0","27","2021-04-15 00:36:39.757"
"734","2606","0","20","2021-04-15 00:36:39.763"
"735","2411","-2","47","2021-04-15 00:36:39.798"
"736","2417","-2","71","2021-04-15 00:36:39.798"
"737","2470","-2","37","2021-04-15 00:36:39.798"
"738","2493","-2","83","2021-04-15 00:36:39.798"
"739","2522","-2","30","2021-04-15 00:36:39.798"
"740","2524","-2","38","2021-04-15 00:36:39.798"
"741","2525","-2","28","2021-04-15 00:36:39.798"
"742","2530","-2","48","2021-04-15 00:36:39.798"
"743","2550","-2","36","2021-04-15 00:36:39.798"
"744","2590","-2","77","2021-04-15 00:36:39.798"
"745","2591","-2","81","2021-04-15 00:36:39.798"
"746","2603","-2","210","2021-04-15 00:36:39.798"
"747","2608","-2","176","2021-04-15 00:36:39.798"
"748","2297","-3","49","2021-04-15 00:36:39.798"
"749","2316","-3","119","2021-04-15 00:36:39.798"
"750","2316","-3","67","2021-04-15 00:36:39.812"
"751","2380","-3","93","2021-04-15 00:36:39.812"
"752","2491","-3","26","2021-04-15 00:36:39.812"
"753","2605","-3","67","2021-04-15 00:36:39.812"
"754","2619","-3","52","2021-04-15 00:36:39.812"
"755","2407","-4","43","2021-04-15 00:36:39.812"
"756","2434","-4","30","2021-04-15 00:36:39.812"
"757","2448","-4","35","2021-04-15 00:36:39.812"
"758","2478","-4","75","2021-04-15 00:36:39.812"
"759","2649","-3","53","2021-04-15 00:36:39.830"
"760","2643","-4","57","2021-04-15 00:36:39.831"
"761","2350","-5","34","2021-04-15 00:36:39.832"
"762","2656","-4","22","2021-04-15 00:36:39.858"
"763","2662","-4","142","2021-04-15 00:36:39.866"
"764","2350","-5","23","2021-04-15 00:36:39.866"
"765","2442","-5","36","2021-04-15 00:36:39.866"
"766","2467","-5","27","2021-04-15 00:36:39.866"
"767","2663","-5","64","2021-04-15 00:36:39.866"
"768","2305","-6","54","2021-04-15 00:36:39.866"
"769","2420","-6","31","2021-04-15 00:36:39.866"
"770","2495","-6","39","2021-04-15 00:36:39.866"
"771","2509","-6","27","2021-04-15 00:36:39.866"
"772","2659","-6","21","2021-04-15 00:36:39.866"
"773","2661","-6","64","2021-04-15 00:36:39.866"
"774","2344","-7","30","2021-04-15 00:36:39.866"
"775","2440","-7","36","2021-04-15 00:36:39.866"
"776","2488","-7","186","2021-04-15 00:36:39.866"
"777","2488","-7","70","2021-04-15 00:36:39.885"
"778","2658","-3","22","2021-04-15 00:36:39.891"
"779","2650","-2","29","2021-04-15 00:36:39.891"
"780","2680","-3","70","2021-04-15 00:36:39.923"
"781","2684","-4","34","2021-04-15 00:36:39.950"
"782","2694","-4","48","2021-04-15 00:36:39.963"
"783","2691","-5","8","2021-04-15 00:36:39.963"
"784","2691","-5","76","2021-04-15 00:36:39.964"
"785","2691","-5","55","2021-04-15 00:36:39.966"
"786","2664","-2","25","2021-04-15 00:36:39.975"
"787","2669","-2","32","2021-04-15 00:36:39.975"
"788","2669","-2","4","2021-04-15 00:36:39.982"
"789","2683","-2","23","2021-04-15 00:36:39.982"
"790","2695","-2","20","2021-04-15 00:36:39.982"
"791","2678","-1","24","2021-04-15 00:36:39.983"
"792","2708","-3","41","2021-04-15 00:36:39.999"
"793","2701","-4","53","2021-04-15 00:36:40.000"
"794","2716","-3","138","2021-04-15 00:36:40.009"
"795","2715","-2","28","2021-04-15 00:36:40.009"
"796","2719","-2","85","2021-04-15 00:36:40.009"
"797","2678","-1","1","2021-04-15 00:36:40.009"
"798","2703","-1","76","2021-04-15 00:36:40.009"
"799","2606","0","23","2021-04-15 00:36:40.009"
"800","2701","-4","18","2021-04-15 00:36:40.015"
"801","2711","-4","28","2021-04-15 00:36:40.015"
"802","2696","-5","31","2021-04-15 00:36:40.015"
"803","2697","-5","18","2021-04-15 00:36:40.015"
"804","2735","-3","29","2021-04-15 00:36:40.044"
"805","2606","0","14","2021-04-15 00:36:40.044"
"806","2612","0","40","2021-04-15 00:36:40.044"
"807","2615","0","21","2021-04-15 00:36:40.044"
"808","2625","0","23","2021-04-15 00:36:40.044"
"809","2709","0","36","2021-04-15 00:36:40.044"
"810","2710","0","176","2021-04-15 00:36:40.044"
"811","2714","0","44","2021-04-15 00:36:40.044"
"812","2730","0","142","2021-04-15 00:36:40.044"
"813","2734","0","29","2021-04-15 00:36:40.044"
"814","2584","1","78","2021-04-15 00:36:40.044"
"815","2759","-3","82","2021-04-15 00:36:40.105"
"816","2759","-3","31","2021-04-15 00:36:40.110"
"817","2728","-6","20","2021-04-15 00:36:40.139"
"818","2741","-6","35","2021-04-15 00:36:40.139"
"819","2742","-6","103","2021-04-15 00:36:40.139"
"820","2757","-6","65","2021-04-15 00:36:40.139"
"821","2773","-6","35","2021-04-15 00:36:40.139"
"822","2488","-7","459","2021-04-15 00:36:40.139"
"823","2759","-3","178","2021-04-15 00:36:40.157"
"824","2778","-6","62","2021-04-15 00:36:40.160"
"825","2488","-7","52","2021-04-15 00:36:40.160"
"826","2488","-7","51","2021-04-15 00:36:40.169"
"827","2675","-7","49","2021-04-15 00:36:40.177"
"828","2762","-7","35","2021-04-15 00:36:40.177"
"829","2779","-7","58","2021-04-15 00:36:40.177"
"830","2564","-8","25","2021-04-15 00:36:40.177"
"831","2788","-5","28","2021-04-15 00:36:40.179"
"832","2783","-4","91","2021-04-15 00:36:40.179"
"833","2800","-6","34","2021-04-15 00:36:40.196"
"834","2797","-5","58","2021-04-15 00:36:40.197"
"835","2797","-5","64","2021-04-15 00:36:40.198"
"836","2797","-5","40","2021-04-15 00:36:40.200"
"837","2797","-5","27","2021-04-15 00:36:40.203"
"838","2800","-6","9","2021-04-15 00:36:40.204"
"839","2795","-7","26","2021-04-15 00:36:40.233"
"840","2797","-5","30","2021-04-15 00:36:40.258"
"841","2825","-6","22","2021-04-15 00:36:40.265"
"842","2795","-7","1","2021-04-15 00:36:40.265"
"843","2806","-7","38","2021-04-15 00:36:40.265"
"844","2826","-7","30","2021-04-15 00:36:40.265"
"845","2826","-7","21","2021-04-15 00:36:40.274"
"846","2830","-6","56","2021-04-15 00:36:40.275"
"847","2797","-5","35","2021-04-15 00:36:40.281"
"848","2809","-5","29","2021-04-15 00:36:40.286"
"849","2813","-5","25","2021-04-15 00:36:40.286"
"850","2783","-4","25","2021-04-15 00:36:40.303"
"851","2821","-4","26","2021-04-15 00:36:40.303"
"852","2822","-4","50","2021-04-15 00:36:40.303"
"853","2839","-5","24","2021-04-15 00:36:40.309"
"854","2759","-3","101","2021-04-15 00:36:40.317"
"855","2833","-6","28","2021-04-15 00:36:40.330"
"856","2794","-9","23","2021-04-15 00:36:40.330"
"857","2868","-10","26","2021-04-15 00:36:40.354"
"858","2867","-9","21","2021-04-15 00:36:40.354"
"859","2865","-8","30","2021-04-15 00:36:40.354"
"860","2864","-7","44","2021-04-15 00:36:40.354"
"861","2866","-7","68","2021-04-15 00:36:40.354"
"862","2855","-6","31","2021-04-15 00:36:40.376"
"863","2858","-5","38","2021-04-15 00:36:40.376"
"864","2877","-16","31","2021-04-15 00:36:40.384"
"865","2881","-17","99","2021-04-15 00:36:40.384"
"866","2882","-17","44","2021-04-15 00:36:40.384"
"867","2895","-7","104","2021-04-15 00:36:40.408"
"868","2895","-7","96","2021-04-15 00:36:40.409"
"869","2879","-6","105","2021-04-15 00:36:40.409"
"870","2890","-6","21","2021-04-15 00:36:40.409"
"871","2858","-5","122","2021-04-15 00:36:40.409"
"872","2859","-5","11","2021-04-15 00:36:40.409"
"873","2912","-6","24","2021-04-15 00:36:40.448"
"874","2859","-5","10","2021-04-15 00:36:40.448"
"875","2874","-5","26","2021-04-15 00:36:40.448"
"876","2875","-5","27","2021-04-15 00:36:40.448"
"877","2889","-11","22","2021-04-15 00:36:40.478"
"878","2901","-12","22","2021-04-15 00:36:40.478"
"879","2904","-12","23","2021-04-15 00:36:40.478"
"880","2921","-7","20","2021-04-15 00:36:40.495"
"881","2920","-6","191","2021-04-15 00:36:40.495"
"882","2930","-6","22","2021-04-15 00:36:40.495"
"883","2934","-6","50","2021-04-15 00:36:40.495"
"884","2875","-5","37","2021-04-15 00:36:40.495"
"885","2908","-5","23","2021-04-15 00:36:40.495"
"886","2853","-4","23","2021-04-15 00:36:40.495"
"887","2899","-4","159","2021-04-15 00:36:40.495"
"888","2911","-4","26","2021-04-15 00:36:40.495"
"889","2918","-4","34","2021-04-15 00:36:40.495"
"890","2919","-4","103","2021-04-15 00:36:40.495"
"891","2933","-11","33","2021-04-15 00:36:40.497"
"892","2904","-12","25","2021-04-15 00:36:40.497"
"893","2919","-4","32","2021-04-15 00:36:40.506"
"894","2939","-3","24","2021-04-15 00:36:40.506"
"895","2940","-3","38","2021-04-15 00:36:40.506"
"896","2748","-2","30","2021-04-15 00:36:40.506"
"897","2957","-3","26","2021-04-15 00:36:40.544"
"898","2748","-2","169","2021-04-15 00:36:40.544"
"899","2927","-13","133","2021-04-15 00:36:40.549"
"900","2966","-11","32","2021-04-15 00:36:40.563"
"901","2962","-12","23","2021-04-15 00:36:40.563"
"902","2927","-13","109","2021-04-15 00:36:40.563"
"903","2748","-2","8","2021-04-15 00:36:40.564"
"904","2954","-2","22","2021-04-15 00:36:40.564"
"905","2964","-1","25","2021-04-15 00:36:40.564"
"906","2927","-13","128","2021-04-15 00:36:40.588"
"907","2927","-13","65","2021-04-15 00:36:40.593"
"908","2932","-13","4","2021-04-15 00:36:40.593"
"909","2983","-3","20","2021-04-15 00:36:40.604"
"910","2975","-2","33","2021-04-15 00:36:40.604"
"911","2964","-1","41","2021-04-15 00:36:40.604"
"912","2993","-3","30","2021-04-15 00:36:40.628"
"913","2986","-2","75","2021-04-15 00:36:40.628"
"914","2999","-12","59","2021-04-15 00:36:40.638"
"915","2932","-13","81","2021-04-15 00:36:40.638"
"916","3010","-5","33","2021-04-15 00:36:40.671"
"917","3008","-4","21","2021-04-15 00:36:40.671"
"918","3008","-4","15","2021-04-15 00:36:40.691"
"919","3012","-4","31","2021-04-15 00:36:40.691"
"920","3007","-3","24","2021-04-15 00:36:40.691"
"921","3015","-3","17","2021-04-15 00:36:40.691"
"922","3002","-11","42","2021-04-15 00:36:40.697"
"923","3022","-12","28","2021-04-15 00:36:40.698"
"924","3047","-3","74","2021-04-15 00:36:40.748"
"925","3046","-2","68","2021-04-15 00:36:40.748"
"926","3048","-2","168","2021-04-15 00:36:40.748"
"927","3048","-2","59","2021-04-15 00:36:40.752"
"928","3032","-9","60","2021-04-15 00:36:40.767"
"929","3048","-2","59","2021-04-15 00:36:40.777"
"930","3076","-7","48","2021-04-15 00:36:40.822"
"931","3065","-8","10","2021-04-15 00:36:40.822"
"932","3084","-4","29","2021-04-15 00:36:40.832"
"933","3082","-3","41","2021-04-15 00:36:40.832"
"934","3082","-3","31","2021-04-15 00:36:40.833"
"935","3048","-2","275","2021-04-15 00:36:40.834"
"936","3048","-2","570","2021-04-15 00:36:40.861"
"937","3066","-9","21","2021-04-15 00:36:40.889"
"938","3070","-9","40","2021-04-15 00:36:40.889"
"939","3073","-9","76","2021-04-15 00:36:40.889"
"940","3074","-9","101","2021-04-15 00:36:40.889"
"941","3075","-9","22","2021-04-15 00:36:40.889"
"942","3102","-9","37","2021-04-15 00:36:40.889"
"943","3104","-9","44","2021-04-15 00:36:40.889"
"944","3106","-9","41","2021-04-15 00:36:40.889"
"945","3099","-10","34","2021-04-15 00:36:40.889"
"946","3112","-3","51","2021-04-15 00:36:40.899"
"947","3057","-2","62","2021-04-15 00:36:40.900"
"948","3057","-2","75","2021-04-15 00:36:40.918"
"949","3057","-2","36","2021-04-15 00:36:40.922"
"950","3058","-2","24","2021-04-15 00:36:40.922"
"951","3119","-10","67","2021-04-15 00:36:40.928"
"952","3058","-2","44","2021-04-15 00:36:40.935"
"953","3061","-2","22","2021-04-15 00:36:40.935"
"954","3062","-2","24","2021-04-15 00:36:40.935"
"955","3135","-3","52","2021-04-15 00:36:40.950"
"956","3037","-1","34","2021-04-15 00:36:40.958"
"957","3140","-2","25","2021-04-15 00:36:40.963"
"958","3138","-4","21","2021-04-15 00:36:40.984"
"959","3169","-3","61","2021-04-15 00:36:41.010"
"960","3171","-5","126","2021-04-15 00:36:41.019"
"961","3181","-15","65","2021-04-15 00:36:41.048"
"962","3189","-5","26","2021-04-15 00:36:41.056"
"963","3189","-5","121","2021-04-15 00:36:41.066"
"964","3192","-6","48","2021-04-15 00:36:41.076"
"965","3195","-7","41","2021-04-15 00:36:41.076"
"966","3203","-8","25","2021-04-15 00:36:41.106"
"967","3204","-9","26","2021-04-15 00:36:41.106"
"968","3207","-9","3","2021-04-15 00:36:41.106"
"969","3222","-6","113","2021-04-15 00:36:41.127"
"970","3221","-5","29","2021-04-15 00:36:41.145"
"971","3224","-5","30","2021-04-15 00:36:41.145"
"972","3239","-6","20","2021-04-15 00:36:41.187"
"973","3239","-6","14","2021-04-15 00:36:41.189"
"974","3224","-5","8","2021-04-15 00:36:41.190"
"975","3177","-4","47","2021-04-15 00:36:41.190"
"976","3241","-6","18","2021-04-15 00:36:41.211"
"977","3216","-7","34","2021-04-15 00:36:41.211"
"978","3243","-7","124","2021-04-15 00:36:41.211"
"979","3210","-9","53","2021-04-15 00:36:41.211"
"980","3183","-4","23","2021-04-15 00:36:41.216"
"981","3231","-4","20","2021-04-15 00:36:41.216"
"982","3169","-3","50","2021-04-15 00:36:41.216"
"983","3214","-3","25","2021-04-15 00:36:41.216"
"984","3217","-3","93","2021-04-15 00:36:41.216"
"985","3217","-3","72","2021-04-15 00:36:41.223"
"986","3245","-3","57","2021-04-15 00:36:41.223"
"987","3259","-12","23","2021-04-15 00:36:41.239"
"988","3262","-5","24","2021-04-15 00:36:41.245"
"989","3265","-5","21","2021-04-15 00:36:41.247"
"990","3267","-5","42","2021-04-15 00:36:41.249"
"991","3267","-5","35","2021-04-15 00:36:41.255"
"992","3264","-6","21","2021-04-15 00:36:41.264"
"993","3256","-4","21","2021-04-15 00:36:41.273"
"994","3277","-5","87","2021-04-15 00:36:41.276"
"995","3289","-5","24","2021-04-15 00:36:41.316"
"996","3264","-6","1","2021-04-15 00:36:41.316"
"997","3279","-6","37","2021-04-15 00:36:41.316"
"998","3280","-6","24","2021-04-15 00:36:41.316"
"999","3275","-7","22","2021-04-15 00:36:41.316"
"1000","3284","-7","40","2021-04-15 00:36:41.316"
"1001","3245","-3","21","2021-04-15 00:36:41.334"
"1002","3258","-3","41","2021-04-15 00:36:41.334"
"1003","3258","-3","77","2021-04-15 00:36:41.354"
"1004","3312","-8","21","2021-04-15 00:36:41.361"
"1005","3309","-9","49","2021-04-15 00:36:41.361"
"1006","3317","-5","22","2021-04-15 00:36:41.368"
"1007","3316","-4","31","2021-04-15 00:36:41.368"
"1008","3258","-3","42","2021-04-15 00:36:41.368"
"1009","3323","-4","42","2021-04-15 00:36:41.377"
"1010","3258","-3","19","2021-04-15 00:36:41.377"
"1011","3324","-3","37","2021-04-15 00:36:41.377"
"1012","3293","-2","71","2021-04-15 00:36:41.377"
"1013","3296","-2","64","2021-04-15 00:36:41.377"
"1014","3296","-2","60","2021-04-15 00:36:41.379"
"1015","3327","-8","29","2021-04-15 00:36:41.390"
"1016","3309","-9","37","2021-04-15 00:36:41.390"
"1017","3337","-7","79","2021-04-15 00:36:41.413"
"1018","3346","-6","53","2021-04-15 00:36:41.418"
"1019","3337","-7","27","2021-04-15 00:36:41.418"
"1020","3352","-6","36","2021-04-15 00:36:41.429"
"1021","3337","-7","62","2021-04-15 00:36:41.429"
"1022","3337","-7","22","2021-04-15 00:36:41.432"
"1023","3336","-8","21","2021-04-15 00:36:41.435"
"1024","3331","-9","29","2021-04-15 00:36:41.435"
"1025","3321","-10","20","2021-04-15 00:36:41.435"
"1026","3356","-7","24","2021-04-15 00:36:41.437"
"1027","3355","-6","43","2021-04-15 00:36:41.437"
"1028","3357","-6","22","2021-04-15 00:36:41.437"
"1029","3350","-5","44","2021-04-15 00:36:41.437"
"1030","3342","-4","134","2021-04-15 00:36:41.437"
"1031","3351","-4","39","2021-04-15 00:36:41.437"
"1032","3353","-4","88","2021-04-15 00:36:41.437"
"1033","3335","-3","88","2021-04-15 00:36:41.437"
"1034","3349","-3","26","2021-04-15 00:36:41.437"
"1035","3296","-2","207","2021-04-15 00:36:41.437"
"1036","3310","-2","70","2021-04-15 00:36:41.437"
"1037","3314","-2","60","2021-04-15 00:36:41.437"
"1038","3315","-2","86","2021-04-15 00:36:41.437"
"1039","3338","-2","30","2021-04-15 00:36:41.437"
"1040","3340","-2","21","2021-04-15 00:36:41.437"
"1041","3341","-2","35","2021-04-15 00:36:41.437"
"1042","3098","-1","210","2021-04-15 00:36:41.437"
"1043","3134","-1","26","2021-04-15 00:36:41.437"
"1044","3330","-1","49","2021-04-15 00:36:41.437"
"1045","3148","0","98","2021-04-15 00:36:41.437"
"1046","3155","0","506","2021-04-15 00:36:41.437"
"1047","2577","2","204","2021-04-15 00:36:41.437"
"1048","2727","3","21","2021-04-15 00:36:41.437"
"1049","3364","-3","67","2021-04-15 00:36:41.444"
"1050","3364","-3","57","2021-04-15 00:36:41.446"
"1051","3370","-2","28","2021-04-15 00:36:41.455"
"1052","3364","-3","62","2021-04-15 00:36:41.455"
"1053","3363","-4","43","2021-04-15 00:36:41.455"
"1054","3368","-4","17","2021-04-15 00:36:41.455"
"1055","3390","6","35","2021-04-15 00:36:41.507"
"1056","3394","6","27","2021-04-15 00:36:41.507"
"1057","3369","-4","115","2021-04-15 00:36:41.510"
"1058","3369","-4","255","2021-04-15 00:36:41.514"
"1059","3409","3","64","2021-04-15 00:36:41.519"
"1060","3410","4","207","2021-04-15 00:36:41.519"
"1061","3417","2","63","2021-04-15 00:36:41.533"
"1062","3454","-3","127","2021-04-15 00:36:41.591"
"1063","3445","-4","21","2021-04-15 00:36:41.623"
"1064","3487","-5","27","2021-04-15 00:36:41.654"
"1065","3482","-4","44","2021-04-15 00:36:41.654"
"1066","3489","-4","72","2021-04-15 00:36:41.654"
"1067","3489","-4","97","2021-04-15 00:36:41.655"
"1068","3490","-4","44","2021-04-15 00:36:41.655"
"1069","3491","-4","15","2021-04-15 00:36:41.655"
"1070","3504","-5","55","2021-04-15 00:36:41.695"
"1071","3513","-5","27","2021-04-15 00:36:41.719"
"1072","3502","-6","25","2021-04-15 00:36:41.719"
"1073","3503","-7","15","2021-04-15 00:36:41.719"
"1074","3518","-5","32","2021-04-15 00:36:41.725"
"1075","3516","-4","93","2021-04-15 00:36:41.725"
"1076","3473","-3","31","2021-04-15 00:36:41.725"
"1077","3501","-3","38","2021-04-15 00:36:41.725"
"1078","3503","-7","13","2021-04-15 00:36:41.727"
"1079","3488","-8","22","2021-04-15 00:36:41.727"
"1080","3517","-8","23","2021-04-15 00:36:41.727"
"1081","3478","-2","24","2021-04-15 00:36:41.812"
"1082","3514","-2","25","2021-04-15 00:36:41.812"
"1083","3523","-2","8","2021-04-15 00:36:41.812"
"1084","3523","-2","18","2021-04-15 00:36:41.830"
"1085","3529","-2","72","2021-04-15 00:36:41.830"
"1086","3533","-2","87","2021-04-15 00:36:41.830"
"1087","3424","0","211","2021-04-15 00:36:41.830"
"1088","3426","0","22","2021-04-15 00:36:41.830"
"1089","3442","0","245","2021-04-15 00:36:41.830"
"1090","3542","-6","63","2021-04-15 00:36:41.831"
"1091","3543","-7","21","2021-04-15 00:36:41.838"
"1092","3558","-7","58","2021-04-15 00:36:41.851"
"1093","3559","-6","39","2021-04-15 00:36:41.851"
"1094","3559","-6","51","2021-04-15 00:36:41.863"
"1095","3559","-6","30","2021-04-15 00:36:41.864"
"1096","3566","-7","30","2021-04-15 00:36:41.870"
"1097","3564","-8","21","2021-04-15 00:36:41.870"
"1098","3567","-8","14","2021-04-15 00:36:41.870"
"1099","3576","-7","59","2021-04-15 00:36:41.878"
"1100","3576","-7","9","2021-04-15 00:36:41.879"
"1101","3585","-7","25","2021-04-15 00:36:41.894"
"1102","3567","-8","13","2021-04-15 00:36:41.894"
"1103","3556","-11","33","2021-04-15 00:36:41.894"
"1104","3595","-7","44","2021-04-15 00:36:41.926"
"1105","3559","-6","40","2021-04-15 00:36:41.926"
"1106","3574","-5","60","2021-04-15 00:36:41.973"
"1107","3584","-5","21","2021-04-15 00:36:41.990"
"1108","3605","-5","36","2021-04-15 00:36:41.990"
"1109","3613","-4","24","2021-04-15 00:36:42.009"
"1110","3442","0","26","2021-04-15 00:36:42.009"
"1111","3626","-9","60","2021-04-15 00:36:42.016"
"1112","3622","-10","39","2021-04-15 00:36:42.016"
"1113","3609","-11","134","2021-04-15 00:36:42.016"
"1114","3638","-2","21","2021-04-15 00:36:42.021"
"1115","3442","0","10","2021-04-15 00:36:42.021"
"1116","3419","1","45","2021-04-15 00:36:42.021"
"1117","3443","1","84","2021-04-15 00:36:42.021"
"1118","3443","1","59","2021-04-15 00:36:42.023"
"1119","3647","-5","684","2021-04-15 00:36:42.039"
"1120","3644","-6","23","2021-04-15 00:36:42.039"
"1121","3637","-7","26","2021-04-15 00:36:42.039"
"1122","3639","-8","31","2021-04-15 00:36:42.039"
"1123","3643","-8","25","2021-04-15 00:36:42.039"
"1124","3550","2","27","2021-04-15 00:36:42.040"
"1125","3428","4","25","2021-04-15 00:36:42.040"
"1126","3440","4","36","2021-04-15 00:36:42.040"
"1127","3437","6","68","2021-04-15 00:36:42.040"
"1128","3437","6","30","2021-04-15 00:36:42.042"
"1129","3655","-2","47","2021-04-15 00:36:42.057"
"1130","3659","-1","41","2021-04-15 00:36:42.060"
"1131","3663","0","14","2021-04-15 00:36:42.060"
"1132","3663","0","21","2021-04-15 00:36:42.065"
"1133","3665","0","31","2021-04-15 00:36:42.065"
"1134","3668","0","31","2021-04-15 00:36:42.072"
"1135","3682","7","28","2021-04-15 00:36:42.082"
"1136","3676","8","29","2021-04-15 00:36:42.082"
"1137","3693","3","55","2021-04-15 00:36:42.110"
"1138","3693","3","116","2021-04-15 00:36:42.120"
"1139","3693","3","93","2021-04-15 00:36:42.124"
"1140","3706","4","50","2021-04-15 00:36:42.130"
"1141","3716","6","33","2021-04-15 00:36:42.161"
"1142","3712","5","22","2021-04-15 00:36:42.161"
"1143","3726","8","60","2021-04-15 00:36:42.174"
"1144","3725","9","27","2021-04-15 00:36:42.174"
"1145","3717","5","24","2021-04-15 00:36:42.182"
"1146","3706","4","25","2021-04-15 00:36:42.182"
"1147","3714","4","27","2021-04-15 00:36:42.182"
"1148","3725","9","24","2021-04-15 00:36:42.201"
"1149","3742","16","38","2021-04-15 00:36:42.205"
"1150","3747","8","59","2021-04-15 00:36:42.217"
"1151","3758","16","97","2021-04-15 00:36:42.226"
"1152","3762","19","52","2021-04-15 00:36:42.238"
"1153","3770","12","29","2021-04-15 00:36:42.245"
"1154","3760","11","48","2021-04-15 00:36:42.245"
"1155","3756","10","78","2021-04-15 00:36:42.245"
"1156","3764","10","23","2021-04-15 00:36:42.245"
"1157","3766","10","28","2021-04-15 00:36:42.245"
"1158","3768","10","23","2021-04-15 00:36:42.245"
"1159","3755","9","57","2021-04-15 00:36:42.245"
"1160","3745","7","22","2021-04-15 00:36:42.245"
"1161","3749","7","14","2021-04-15 00:36:42.245"
"1162","3769","21","81","2021-04-15 00:36:42.248"
"1163","3772","8","23","2021-04-15 00:36:42.251"
"1164","3749","7","35","2021-04-15 00:36:42.251"
"1165","3740","6","29","2021-04-15 00:36:42.251"
"1166","3715","4","22","2021-04-15 00:36:42.251"
"1167","3715","4","11","2021-04-15 00:36:42.252"
"1168","3693","3","168","2021-04-15 00:36:42.252"
"1169","3733","3","51","2021-04-15 00:36:42.258"
"1170","3667","-1","8","2021-04-15 00:36:42.258"
"1171","3667","-1","83","2021-04-15 00:36:42.260"
"1172","3790","16","54","2021-04-15 00:36:42.278"
"1173","3788","17","27","2021-04-15 00:36:42.281"
"1174","3788","17","61","2021-04-15 00:36:42.284"
"1175","3790","16","21","2021-04-15 00:36:42.285"
"1176","3806","15","40","2021-04-15 00:36:42.308"
"1177","3796","16","3","2021-04-15 00:36:42.308"
"1178","3807","16","24","2021-04-15 00:36:42.308"
"1179","3785","18","82","2021-04-15 00:36:42.308"
"1180","3785","18","32","2021-04-15 00:36:42.310"
"1181","3792","18","26","2021-04-15 00:36:42.310"
"1182","3810","17","20","2021-04-15 00:36:42.313"
"1183","3792","18","114","2021-04-15 00:36:42.313"
"1184","3794","18","94","2021-04-15 00:36:42.313"
"1185","3814","17","51","2021-04-15 00:36:42.332"
"1186","3817","18","16","2021-04-15 00:36:42.332"
"1187","3822","13","86","2021-04-15 00:36:42.337"
"1188","3831","17","26","2021-04-15 00:36:42.355"
"1189","3836","16","30","2021-04-15 00:36:42.357"
"1190","3838","16","28","2021-04-15 00:36:42.367"
"1191","3842","16","33","2021-04-15 00:36:42.370"
"1192","3828","15","22","2021-04-15 00:36:42.370"
"1193","3828","15","3","2021-04-15 00:36:42.384"
"1194","3832","15","45","2021-04-15 00:36:42.384"
"1195","3843","15","34","2021-04-15 00:36:42.384"
"1196","3839","14","24","2021-04-15 00:36:42.384"
"1197","3848","14","46","2021-04-15 00:36:42.384"
"1198","3854","12","24","2021-04-15 00:36:42.395"
"1199","3831","17","63","2021-04-15 00:36:42.403"
"1200","3831","17","229","2021-04-15 00:36:42.406"
"1201","3873","17","64","2021-04-15 00:36:42.421"
"1202","3876","16","32","2021-04-15 00:36:42.422"
"1203","3878","16","66","2021-04-15 00:36:42.429"
"1204","3873","17","101","2021-04-15 00:36:42.429"
"1205","3883","16","39","2021-04-15 00:36:42.434"
"1206","3885","16","86","2021-04-15 00:36:42.435"
"1207","3882","15","30","2021-04-15 00:36:42.435"
"1208","3892","16","26","2021-04-15 00:36:42.445"
"1209","3892","16","11","2021-04-15 00:36:42.448"
"1210","3902","15","28","2021-04-15 00:36:42.460"
"1211","3901","16","38","2021-04-15 00:36:42.461"
"1212","3873","17","115","2021-04-15 00:36:42.461"
"1213","3926","11","39","2021-04-15 00:36:42.508"
"1214","3922","10","13","2021-04-15 00:36:42.508"
"1215","3945","12","27","2021-04-15 00:36:42.549"
"1216","3959","11","49","2021-04-15 00:36:42.587"
"1217","3953","12","68","2021-04-15 00:36:42.587"
"1218","3961","12","11","2021-04-15 00:36:42.587"
"1219","3939","10","33","2021-04-15 00:36:42.602"
"1220","3941","10","41","2021-04-15 00:36:42.602"
"1221","3970","10","39","2021-04-15 00:36:42.603"
"1222","3921","9","33","2021-04-15 00:36:42.604"
"1223","3925","9","201","2021-04-15 00:36:42.604"
"1224","3963","9","37","2021-04-15 00:36:42.604"
"1225","3968","9","132","2021-04-15 00:36:42.604"
"1226","3915","8","27","2021-04-15 00:36:42.610"
"1227","3938","8","2","2021-04-15 00:36:42.610"
"1228","3938","8","20","2021-04-15 00:36:42.611"
"1229","4000","5","72","2021-04-15 00:36:42.671"
"1230","3996","4","67","2021-04-15 00:36:42.683"
"1231","4001","4","28","2021-04-15 00:36:42.683"
"1232","4031","6","37","2021-04-15 00:36:42.734"
"1233","4045","3","35","2021-04-15 00:36:42.787"
"1234","4051","5","39","2021-04-15 00:36:42.826"
"1235","4051","5","12","2021-04-15 00:36:42.828"
"1236","4066","5","9","2021-04-15 00:36:42.839"
"1237","4069","5","231","2021-04-15 00:36:42.841"
"1238","4043","6","239","2021-04-15 00:36:42.841"
"1239","4056","6","25","2021-04-15 00:36:42.841"
"1240","4058","6","25","2021-04-15 00:36:42.841"
"1241","3993","7","228","2021-04-15 00:36:42.841"
"1242","4072","6","22","2021-04-15 00:36:42.859"
"1243","4006","7","26","2021-04-15 00:36:42.869"
"1244","4044","7","275","2021-04-15 00:36:42.869"
"1245","3976","8","132","2021-04-15 00:36:42.878"
"1246","4090","5","23","2021-04-15 00:36:42.892"
"1247","4088","6","44","2021-04-15 00:36:42.892"
"1248","4087","7","9","2021-04-15 00:36:42.892"
"1249","4087","7","28","2021-04-15 00:36:42.895"
"1250","3976","8","5","2021-04-15 00:36:42.895"
"1251","4024","8","23","2021-04-15 00:36:42.895"
"1252","4089","3","73","2021-04-15 00:36:42.917"
"1253","4089","3","316","2021-04-15 00:36:42.925"
"1254","4103","6","47","2021-04-15 00:36:42.926"
"1255","4097","7","10","2021-04-15 00:36:42.926"
"1256","4097","7","12","2021-04-15 00:36:42.928"
"1257","4024","8","55","2021-04-15 00:36:42.928"
"1258","4131","7","46","2021-04-15 00:36:42.992"
"1259","4130","8","23","2021-04-15 00:36:42.992"
"1260","4126","5","30","2021-04-15 00:36:42.994"
"1261","4125","4","81","2021-04-15 00:36:42.994"
"1262","4089","3","75","2021-04-15 00:36:42.994"
"1263","4137","4","79","2021-04-15 00:36:43.000"
"1264","4089","3","206","2021-04-15 00:36:43.000"
"1265","4123","2","131","2021-04-15 00:36:43.000"
"1266","4132","8","74","2021-04-15 00:36:43.001"
"1267","3972","9","235","2021-04-15 00:36:43.001"
"1268","4144","6","22","2021-04-15 00:36:43.028"
"1269","4148","5","35","2021-04-15 00:36:43.044"
"1270","4155","4","34","2021-04-15 00:36:43.044"
"1271","4151","7","53","2021-04-15 00:36:43.047"
"1272","4161","1","63","2021-04-15 00:36:43.048"
"1273","4151","7","18","2021-04-15 00:36:43.050"
"1274","4153","7","23","2021-04-15 00:36:43.050"
"1275","4146","8","19","2021-04-15 00:36:43.050"
"1276","4167","7","60","2021-04-15 00:36:43.057"
"1277","4167","7","114","2021-04-15 00:36:43.058"
"1278","4186","2","112","2021-04-15 00:36:43.098"
"1279","4191","6","22","2021-04-15 00:36:43.122"
"1280","4194","6","42","2021-04-15 00:36:43.122"
"1281","4182","7","31","2021-04-15 00:36:43.124"
"1282","4146","8","12","2021-04-15 00:36:43.124"
"1283","4158","8","60","2021-04-15 00:36:43.124"
"1284","4159","8","69","2021-04-15 00:36:43.124"
"1285","4168","8","24","2021-04-15 00:36:43.124"
"1286","4187","8","37","2021-04-15 00:36:43.124"
"1287","4189","8","26","2021-04-15 00:36:43.124"
"1288","3972","9","70","2021-04-15 00:36:43.124"
"1289","4117","10","137","2021-04-15 00:36:43.124"
"1290","4196","1","21","2021-04-15 00:36:43.127"
"1291","4200","0","21","2021-04-15 00:36:43.127"
"1292","4202","8","35","2021-04-15 00:36:43.133"
"1293","4215","9","25","2021-04-15 00:36:43.163"
"1294","4117","10","26","2021-04-15 00:36:43.176"
"1295","4220","9","28","2021-04-15 00:36:43.193"
"1296","4216","8","23","2021-04-15 00:36:43.193"
"1297","4216","8","2","2021-04-15 00:36:43.240"
"1298","4218","8","29","2021-04-15 00:36:43.240"
"1299","4227","8","38","2021-04-15 00:36:43.240"
"1300","4228","8","35","2021-04-15 00:36:43.240"
"1301","4211","7","31","2021-04-15 00:36:43.240"
"1302","4241","7","30","2021-04-15 00:36:43.240"
"1303","4242","7","31","2021-04-15 00:36:43.240"
"1304","4210","6","20","2021-04-15 00:36:43.240"
"1305","4210","6","1","2021-04-15 00:36:43.247"
"1306","4213","6","124","2021-04-15 00:36:43.247"
"1307","4262","8","37","2021-04-15 00:36:43.284"
"1308","4266","8","34","2021-04-15 00:36:43.289"
"1309","4265","9","19","2021-04-15 00:36:43.289"
"1310","4273","7","55","2021-04-15 00:36:43.298"
"1311","4273","7","7","2021-04-15 00:36:43.305"
"1312","4285","7","20","2021-04-15 00:36:43.322"
"1313","4272","8","46","2021-04-15 00:36:43.322"
"1314","4272","8","173","2021-04-15 00:36:43.327"
"1315","4275","8","28","2021-04-15 00:36:43.327"
"1316","4296","5","35","2021-04-15 00:36:43.338"
"1317","4294","6","38","2021-04-15 00:36:43.338"
"1318","4291","7","7","2021-04-15 00:36:43.338"
"1319","4293","1","29","2021-04-15 00:36:43.339"
"1320","4308","5","76","2021-04-15 00:36:43.361"
"1321","4305","6","4","2021-04-15 00:36:43.361"
"1322","4312","-4","140","2021-04-15 00:36:43.370"
"1323","4319","3","34","2021-04-15 00:36:43.396"
"1324","4345","2","20","2021-04-15 00:36:43.432"
"1325","4346","1","24","2021-04-15 00:36:43.432"
"1326","4347","1","47","2021-04-15 00:36:43.432"
"1327","4348","1","79","2021-04-15 00:36:43.432"
"1328","4344","4","107","2021-04-15 00:36:43.434"
"1329","4343","5","27","2021-04-15 00:36:43.434"
"1330","4349","5","22","2021-04-15 00:36:43.434"
"1331","4340","6","102","2021-04-15 00:36:43.434"
"1332","4310","7","38","2021-04-15 00:36:43.434"
"1333","4321","7","22","2021-04-15 00:36:43.434"
"1334","4275","8","21","2021-04-15 00:36:43.434"
"1335","4292","8","26","2021-04-15 00:36:43.434"
"1336","4265","9","6","2021-04-15 00:36:43.434"
"1337","4258","10","29","2021-04-15 00:36:43.434"
"1338","4363","4","157","2021-04-15 00:36:43.505"
"1339","4428","1","50","2021-04-15 00:36:43.565"
"1340","4414","2","60","2021-04-15 00:36:43.565"
"1341","4363","4","5","2021-04-15 00:36:43.565"
"1342","4435","3","26","2021-04-15 00:36:43.571"
"1343","4363","4","36","2021-04-15 00:36:43.571"
"1344","4378","4","32","2021-04-15 00:36:43.588"
"1345","4437","4","37","2021-04-15 00:36:43.589"
"1346","4462","1","32","2021-04-15 00:36:43.628"
"1347","4456","2","37","2021-04-15 00:36:43.628"
"1348","4473","4","33","2021-04-15 00:36:43.648"
"1349","4474","4","38","2021-04-15 00:36:43.648"
"1350","4486","3","20","2021-04-15 00:36:43.676"
"1351","4482","2","21","2021-04-15 00:36:43.676"
"1352","4475","1","26","2021-04-15 00:36:43.677"
"1353","4495","2","30","2021-04-15 00:36:43.696"
"1354","4475","1","21","2021-04-15 00:36:43.696"
"1355","4475","1","5","2021-04-15 00:36:43.733"
"1356","4485","1","46","2021-04-15 00:36:43.733"
"1357","4496","1","15","2021-04-15 00:36:43.733"
"1358","4490","6","36","2021-04-15 00:36:43.740"
"1359","4491","6","33","2021-04-15 00:36:43.740"
"1360","4491","6","180","2021-04-15 00:36:43.742"
"1361","4494","6","25","2021-04-15 00:36:43.742"
"1362","4514","2","22","2021-04-15 00:36:43.745"
"1363","4496","1","14","2021-04-15 00:36:43.745"
"1364","4369","0","15","2021-04-15 00:36:43.745"
"1365","4517","11","79","2021-04-15 00:36:43.748"
"1366","4521","1","22","2021-04-15 00:36:43.757"
"1367","4369","0","24","2021-04-15 00:36:43.757"
"1368","4377","0","99","2021-04-15 00:36:43.757"
"1369","4525","10","75","2021-04-15 00:36:43.762"
"1370","4525","10","213","2021-04-15 00:36:43.767"
"1371","4525","10","19","2021-04-15 00:36:43.787"
"1372","4520","11","33","2021-04-15 00:36:43.787"
"1373","4533","5","21","2021-04-15 00:36:43.788"
"1374","4528","4","35","2021-04-15 00:36:43.789"
"1375","4534","4","26","2021-04-15 00:36:43.789"
"1376","4527","3","52","2021-04-15 00:36:43.789"
"1377","4377","0","328","2021-04-15 00:36:43.789"
"1378","4380","0","145","2021-04-15 00:36:43.789"
"1379","4385","0","20","2021-04-15 00:36:43.789"
"1380","4424","0","27","2021-04-15 00:36:43.789"
"1381","4451","0","30","2021-04-15 00:36:43.789"
"1382","4492","0","20","2021-04-15 00:36:43.789"
"1383","4500","0","22","2021-04-15 00:36:43.789"
"1384","4510","0","24","2021-04-15 00:36:43.789"
"1385","4368","-1","48","2021-04-15 00:36:43.789"
"1386","4387","-1","2165","2021-04-15 00:36:43.789"
"1387","4430","-1","113","2021-04-15 00:36:43.789"
"1388","4465","-1","51","2021-04-15 00:36:43.789"
"1389","4364","-2","126","2021-04-15 00:36:43.789"
"1390","4440","-2","79","2021-04-15 00:36:43.789"
"1391","4452","-2","28","2021-04-15 00:36:43.789"
"1392","4471","-2","102","2021-04-15 00:36:43.789"
"1393","4367","-3","26","2021-04-15 00:36:43.789"
"1394","4422","-3","26","2021-04-15 00:36:43.789"
"1395","4403","-4","26","2021-04-15 00:36:43.789"
"1396","4420","-4","49","2021-04-15 00:36:43.789"
"1397","4426","-5","108","2021-04-15 00:36:43.789"
"1398","4443","-5","22","2021-04-15 00:36:43.789"
"1399","4459","-5","35","2021-04-15 00:36:43.789"
"1400","4472","-5","66","2021-04-15 00:36:43.789"
"1401","4447","-6","82","2021-04-15 00:36:43.789"
"1402","4399","-7","30","2021-04-15 00:36:43.789"
"1403","4402","-7","31","2021-04-15 00:36:43.789"
"1404","4415","-8","42","2021-04-15 00:36:43.789"
"1405","4468","-8","89","2021-04-15 00:36:43.789"
"1406","4431","-9","25","2021-04-15 00:36:43.789"
"1407","4542","1","20","2021-04-15 00:36:43.794"
"1408","4546","5","43","2021-04-15 00:36:43.800"
"1409","4550","3","26","2021-04-15 00:36:43.811"
"1410","4554","2","86","2021-04-15 00:36:43.811"
"1411","4552","6","43","2021-04-15 00:36:43.824"
"1412","4558","7","29","2021-04-15 00:36:43.824"
"1413","4559","3","87","2021-04-15 00:36:43.832"
"1414","4559","3","9","2021-04-15 00:36:43.833"
"1415","4582","2","86","2021-04-15 00:36:43.871"
"1416","4582","2","66","2021-04-15 00:36:43.872"
"1417","4588","1","56","2021-04-15 00:36:43.881"
"1418","4601","4","43","2021-04-15 00:36:43.894"
"1419","4602","5","8","2021-04-15 00:36:43.894"
"1420","4612","2","23","2021-04-15 00:36:43.913"
"1421","4588","1","30","2021-04-15 00:36:43.913"
"1422","4615","4","80","2021-04-15 00:36:43.917"
"1423","4621","3","23","2021-04-15 00:36:43.931"
"1424","4615","4","105","2021-04-15 00:36:43.931"
"1425","4615","4","44","2021-04-15 00:36:43.934"
"1426","4605","5","7","2021-04-15 00:36:43.934"
"1427","4617","2","31","2021-04-15 00:36:43.937"
"1428","4588","1","31","2021-04-15 00:36:43.937"
"1429","4619","1","25","2021-04-15 00:36:43.937"
"1430","4624","1","16","2021-04-15 00:36:43.937"
"1431","4633","5","26","2021-04-15 00:36:43.977"
"1432","4635","6","51","2021-04-15 00:36:43.977"
"1433","4636","6","18","2021-04-15 00:36:43.977"
"1434","4646","3","64","2021-04-15 00:36:43.981"
"1435","4643","2","32","2021-04-15 00:36:44.005"
"1436","4608","0","26","2021-04-15 00:36:44.005"
"1437","4642","0","6","2021-04-15 00:36:44.005"
"1438","4660","4","104","2021-04-15 00:36:44.009"
"1439","4642","0","17","2021-04-15 00:36:44.009"
"1440","4662","5","24","2021-04-15 00:36:44.012"
"1441","4666","4","89","2021-04-15 00:36:44.017"
"1442","4676","2","24","2021-04-15 00:36:44.031"
"1443","4674","3","25","2021-04-15 00:36:44.031"
"1444","4672","4","29","2021-04-15 00:36:44.031"
"1445","4680","1","39","2021-04-15 00:36:44.050"
"1446","4686","0","42","2021-04-15 00:36:44.050"
"1447","4679","3","21","2021-04-15 00:36:44.061"
"1448","4663","5","32","2021-04-15 00:36:44.080"
"1449","4650","6","148","2021-04-15 00:36:44.080"
"1450","4709","4","27","2021-04-15 00:36:44.091"
"1451","4705","3","22","2021-04-15 00:36:44.091"
"1452","4695","2","37","2021-04-15 00:36:44.091"
"1453","4698","2","35","2021-04-15 00:36:44.091"
"1454","4707","2","140","2021-04-15 00:36:44.091"
"1455","4708","2","100","2021-04-15 00:36:44.091"
"1456","4686","0","227","2021-04-15 00:36:44.091"
"1457","4689","0","25","2021-04-15 00:36:44.091"
"1458","4691","-1","31","2021-04-15 00:36:44.091"
"1459","4650","6","202","2021-04-15 00:36:44.115"
"1460","4652","6","109","2021-04-15 00:36:44.158"
"1461","4752","-1","23","2021-04-15 00:36:44.174"
"1462","4756","2","106","2021-04-15 00:36:44.182"
"1463","4744","-3","53","2021-04-15 00:36:44.183"
"1464","4759","-4","60","2021-04-15 00:36:44.190"
"1465","4721","-5","22","2021-04-15 00:36:44.190"
"1466","4721","-5","1","2021-04-15 00:36:44.195"
"1467","4743","-5","34","2021-04-15 00:36:44.195"
"1468","4764","-6","66","2021-04-15 00:36:44.195"
"1469","4767","5","41","2021-04-15 00:36:44.201"
"1470","4760","6","31","2021-04-15 00:36:44.201"
"1471","4764","-6","79","2021-04-15 00:36:44.203"
"1472","4782","-2","30","2021-04-15 00:36:44.236"
"1473","4780","-1","32","2021-04-15 00:36:44.236"
"1474","4789","-1","7","2021-04-15 00:36:44.236"
"1475","4789","-1","23","2021-04-15 00:36:44.238"
"1476","4775","0","184","2021-04-15 00:36:44.238"
"1477","4802","-3","28","2021-04-15 00:36:44.258"
"1478","4795","-2","36","2021-04-15 00:36:44.259"
"1479","4775","0","23","2021-04-15 00:36:44.259"
"1480","4773","1","27","2021-04-15 00:36:44.259"
"1481","4771","2","33","2021-04-15 00:36:44.259"
"1482","4794","-7","104","2021-04-15 00:36:44.271"
"1483","4812","-5","70","2021-04-15 00:36:44.284"
"1484","4811","0","39","2021-04-15 00:36:44.284"
"1485","4809","1","16","2021-04-15 00:36:44.284"
"1486","4818","0","21","2021-04-15 00:36:44.288"
"1487","4818","0","36","2021-04-15 00:36:44.305"
"1488","4818","0","21","2021-04-15 00:36:44.313"
"1489","4821","-3","29","2021-04-15 00:36:44.313"
"1490","4832","-5","122","2021-04-15 00:36:44.317"
"1491","4836","-4","49","2021-04-15 00:36:44.330"
"1492","4844","-5","47","2021-04-15 00:36:44.334"
"1493","4842","-4","12","2021-04-15 00:36:44.334"
"1494","4843","-6","103","2021-04-15 00:36:44.339"
"1495","4823","-7","116","2021-04-15 00:36:44.339"
"1496","4857","-6","21","2021-04-15 00:36:44.356"
"1497","4856","-5","77","2021-04-15 00:36:44.356"
"1498","4853","-4","42","2021-04-15 00:36:44.356"
"1499","4873","-10","61","2021-04-15 00:36:44.389"
"1500","4852","-11","46","2021-04-15 00:36:44.389"
"1501","4852","-11","3","2021-04-15 00:36:44.394"
"1502","4867","-11","61","2021-04-15 00:36:44.394"
"1503","4868","-6","45","2021-04-15 00:36:44.409"
"1504","4860","-5","37","2021-04-15 00:36:44.409"
"1505","4882","-5","13","2021-04-15 00:36:44.409"
"1506","4882","-5","25","2021-04-15 00:36:44.414"
"1507","4853","-4","101","2021-04-15 00:36:44.414"
"1508","4863","-4","7","2021-04-15 00:36:44.414"
"1509","4901","-7","20","2021-04-15 00:36:44.442"
"1510","4900","-6","30","2021-04-15 00:36:44.442"
"1511","4893","-5","27","2021-04-15 00:36:44.442"
"1512","4893","-5","16","2021-04-15 00:36:44.445"
"1513","4863","-4","17","2021-04-15 00:36:44.445"
"1514","4840","-2","22","2021-04-15 00:36:44.445"
"1515","4898","-9","88","2021-04-15 00:36:44.454"
"1516","4908","-4","116","2021-04-15 00:36:44.477"
"1517","4917","-4","2","2021-04-15 00:36:44.477"
"1518","4905","-3","25","2021-04-15 00:36:44.484"
"1519","4840","-2","2","2021-04-15 00:36:44.484"
"1520","4922","-2","39","2021-04-15 00:36:44.484"
"1521","4928","-7","38","2021-04-15 00:36:44.496"
"1522","4921","-8","48","2021-04-15 00:36:44.496"
"1523","4906","-9","27","2021-04-15 00:36:44.496"
"1524","4925","-9","8","2021-04-15 00:36:44.496"
"1525","4930","-8","46","2021-04-15 00:36:44.499"
"1526","4925","-9","10","2021-04-15 00:36:44.499"
"1527","4933","-8","40","2021-04-15 00:36:44.502"
"1528","4925","-9","14","2021-04-15 00:36:44.502"
"1529","4910","-10","26","2021-04-15 00:36:44.502"
"1530","4913","-10","95","2021-04-15 00:36:44.502"
"1531","4914","-10","47","2021-04-15 00:36:44.502"
"1532","4867","-11","38","2021-04-15 00:36:44.502"
"1533","4895","-11","90","2021-04-15 00:36:44.502"
"1534","4897","-11","42","2021-04-15 00:36:44.502"
"1535","4883","-12","24","2021-04-15 00:36:44.502"
"1536","4941","-9","21","2021-04-15 00:36:44.517"
"1537","4940","-10","31","2021-04-15 00:36:44.517"
"1538","4949","-2","36","2021-04-15 00:36:44.526"
"1539","4948","-1","25","2021-04-15 00:36:44.526"
"1540","4938","-11","49","2021-04-15 00:36:44.531"
"1541","4955","-3","42","2021-04-15 00:36:44.534"
"1542","4967","-17","119","2021-04-15 00:36:44.568"
"1543","4989","-16","138","2021-04-15 00:36:44.602"
"1544","4997","-8","27","2021-04-15 00:36:44.623"
"1545","4993","-7","22","2021-04-15 00:36:44.623"
"1546","4996","-6","22","2021-04-15 00:36:44.623"
"1547","4996","-6","70","2021-04-15 00:36:44.638"
"1548","5012","-5","23","2021-04-15 00:36:44.638"
"1549","5023","-9","36","2021-04-15 00:36:44.653"
"1550","5039","-6","30","2021-04-15 00:36:44.689"
"1551","5013","-5","25","2021-04-15 00:36:44.689"
"1552","5014","-5","53","2021-04-15 00:36:44.689"
"1553","5015","-5","5","2021-04-15 00:36:44.689"
"1554","5015","-5","54","2021-04-15 00:36:44.697"
"1555","5016","-5","15","2021-04-15 00:36:44.697"
"1556","5052","-6","23","2021-04-15 00:36:44.708"
"1557","5016","-5","20","2021-04-15 00:36:44.708"
"1558","5043","-5","18","2021-04-15 00:36:44.708"
"1559","5040","-9","28","2021-04-15 00:36:44.722"
"1560","5061","-6","29","2021-04-15 00:36:44.745"
"1561","5043","-5","3","2021-04-15 00:36:44.745"
"1562","5044","-5","36","2021-04-15 00:36:44.745"
"1563","5053","-5","34","2021-04-15 00:36:44.745"
"1564","5073","-5","8","2021-04-15 00:36:44.745"
"1565","5079","-6","23","2021-04-15 00:36:44.749"
"1566","5073","-5","21","2021-04-15 00:36:44.749"
"1567","5037","-4","49","2021-04-15 00:36:44.749"
"1568","5104","-9","110","2021-04-15 00:36:44.798"
"1569","5094","-10","29","2021-04-15 00:36:44.808"
"1570","5110","-10","33","2021-04-15 00:36:44.808"
"1571","5110","-10","17","2021-04-15 00:36:44.809"
"1572","5086","-11","32","2021-04-15 00:36:44.809"
"1573","5106","-5","58","2021-04-15 00:36:44.813"
"1574","5037","-4","5","2021-04-15 00:36:44.813"
"1575","5059","-4","7","2021-04-15 00:36:44.813"
"1576","5125","-5","23","2021-04-15 00:36:44.837"
"1577","5129","-5","89","2021-04-15 00:36:44.839"
"1578","5129","-5","194","2021-04-15 00:36:44.844"
"1579","5116","-6","37","2021-04-15 00:36:44.844"
"1580","5059","-4","169","2021-04-15 00:36:44.860"
"1581","5096","-4","36","2021-04-15 00:36:44.860"
"1582","5108","-4","49","2021-04-15 00:36:44.860"
"1583","5109","-4","169","2021-04-15 00:36:44.860"
"1584","5112","-4","20","2021-04-15 00:36:44.860"
"1585","5088","-3","29","2021-04-15 00:36:44.860"
"1586","5132","-3","127","2021-04-15 00:36:44.860"
"1587","5135","-3","39","2021-04-15 00:36:44.860"
"1588","5138","-3","239","2021-04-15 00:36:44.860"
"1589","5140","-3","25","2021-04-15 00:36:44.860"
"1590","5141","-3","22","2021-04-15 00:36:44.860"
"1591","5142","-10","380","2021-04-15 00:36:44.865"
"1592","5139","-11","90","2021-04-15 00:36:44.865"
"1593","5149","-10","25","2021-04-15 00:36:44.882"
"1594","5139","-11","87","2021-04-15 00:36:44.882"
"1595","5155","-10","90","2021-04-15 00:36:44.885"
"1596","5164","-3","30","2021-04-15 00:36:44.905"
"1597","5161","-2","49","2021-04-15 00:36:44.905"
"1598","5161","-2","9","2021-04-15 00:36:44.908"
"1599","5159","-1","36","2021-04-15 00:36:44.908"
"1600","5168","-7","59","2021-04-15 00:36:44.914"
"1601","5162","-8","69","2021-04-15 00:36:44.914"
"1602","5160","-9","40","2021-04-15 00:36:44.914"
"1603","5166","-9","26","2021-04-15 00:36:44.914"
"1604","5191","-6","32","2021-04-15 00:36:44.951"
"1605","5176","-7","22","2021-04-15 00:36:44.966"
"1606","5174","-8","102","2021-04-15 00:36:44.967"
"1607","5195","-6","29","2021-04-15 00:36:44.973"
"1608","5190","-5","37","2021-04-15 00:36:44.973"
"1609","5184","-4","34","2021-04-15 00:36:44.973"
"1610","5181","-3","36","2021-04-15 00:36:44.973"
"1611","5186","-3","71","2021-04-15 00:36:44.973"
"1612","5179","-1","85","2021-04-15 00:36:44.973"
"1613","5208","-8","37","2021-04-15 00:36:44.998"
"1614","5166","-9","13","2021-04-15 00:36:44.998"
"1615","5225","-8","25","2021-04-15 00:36:45.025"
"1616","5175","-9","37","2021-04-15 00:36:45.025"
"1617","5218","-10","33","2021-04-15 00:36:45.025"
"1618","5219","-10","79","2021-04-15 00:36:45.025"
"1619","5226","-6","47","2021-04-15 00:36:45.033"
"1620","5222","-5","29","2021-04-15 00:36:45.033"
"1621","5222","-5","51","2021-04-15 00:36:45.049"
"1622","5246","-7","24","2021-04-15 00:36:45.064"
"1623","5236","-8","21","2021-04-15 00:36:45.071"
"1624","5252","-8","16","2021-04-15 00:36:45.080"
"1625","5257","-8","21","2021-04-15 00:36:45.081"
"1626","5257","-8","21","2021-04-15 00:36:45.082"
"1627","5246","-7","2","2021-04-15 00:36:45.084"
"1628","5243","-6","97","2021-04-15 00:36:45.084"
"1629","5249","-6","22","2021-04-15 00:36:45.084"
"1630","5250","-6","78","2021-04-15 00:36:45.084"
"1631","5222","-5","232","2021-04-15 00:36:45.084"
"1632","5212","-4","23","2021-04-15 00:36:45.084"
"1633","5223","-4","43","2021-04-15 00:36:45.084"
"1634","5224","-4","27","2021-04-15 00:36:45.084"
"1635","5216","-3","45","2021-04-15 00:36:45.084"
"1636","5210","0","36","2021-04-15 00:36:45.084"
"1637","5206","1","72","2021-04-15 00:36:45.084"
"1638","5286","-4","50","2021-04-15 00:36:45.136"
"1639","5286","-4","103","2021-04-15 00:36:45.139"
"1640","5290","-4","96","2021-04-15 00:36:45.140"
"1641","5294","-4","24","2021-04-15 00:36:45.153"
"1642","5294","-4","10","2021-04-15 00:36:45.162"
"1643","5284","-3","72","2021-04-15 00:36:45.164"
"1644","5295","-3","21","2021-04-15 00:36:45.164"
"1645","5298","-3","112","2021-04-15 00:36:45.164"
"1646","5269","0","62","2021-04-15 00:36:45.164"
"1647","5305","-3","48","2021-04-15 00:36:45.168"
"1648","5304","-2","41","2021-04-15 00:36:45.170"
"1649","5306","-3","3","2021-04-15 00:36:45.185"
"1650","5302","-4","18","2021-04-15 00:36:45.185"
"1651","5289","-5","47","2021-04-15 00:36:45.185"
"1652","5308","-1","28","2021-04-15 00:36:45.191"
"1653","5289","-5","87","2021-04-15 00:36:45.197"
"1654","5326","-4","59","2021-04-15 00:36:45.207"
"1655","5329","3","55","2021-04-15 00:36:45.210"
"1656","5328","4","20","2021-04-15 00:36:45.210"
"1657","5325","5","24","2021-04-15 00:36:45.210"
"1658","5326","-4","25","2021-04-15 00:36:45.216"
"1659","5289","-5","36","2021-04-15 00:36:45.216"
"1660","5334","-3","20","2021-04-15 00:36:45.223"
"1661","5336","-4","49","2021-04-15 00:36:45.225"
"1662","5336","-4","18","2021-04-15 00:36:45.226"
"1663","5341","-4","36","2021-04-15 00:36:45.233"
"1664","5334","-3","59","2021-04-15 00:36:45.233"
"1665","5331","-2","81","2021-04-15 00:36:45.233"
"1666","5289","-5","7","2021-04-15 00:36:45.245"
"1667","5279","-6","42","2021-04-15 00:36:45.245"
"1668","5296","-6","26","2021-04-15 00:36:45.245"
"1669","5296","-6","6","2021-04-15 00:36:45.256"
"1670","5299","-6","40","2021-04-15 00:36:45.256"
"1671","5300","-6","7","2021-04-15 00:36:45.256"
"1672","5361","-5","74","2021-04-15 00:36:45.279"
"1673","5368","-3","47","2021-04-15 00:36:45.294"
"1674","5368","-3","23","2021-04-15 00:36:45.296"
"1675","5368","-3","36","2021-04-15 00:36:45.297"
"1676","5365","-2","38","2021-04-15 00:36:45.298"
"1677","5377","-3","49","2021-04-15 00:36:45.313"
"1678","5365","-2","8","2021-04-15 00:36:45.313"
"1679","5381","-3","20","2021-04-15 00:36:45.316"
"1680","5382","-3","43","2021-04-15 00:36:45.322"
"1681","5382","-3","240","2021-04-15 00:36:45.323"
"1682","5385","-3","102","2021-04-15 00:36:45.325"
"1683","5365","-2","36","2021-04-15 00:36:45.328"
"1684","5385","-3","50","2021-04-15 00:36:45.334"
"1685","5385","-3","19","2021-04-15 00:36:45.336"
"1686","5367","-4","26","2021-04-15 00:36:45.336"
"1687","5370","-4","112","2021-04-15 00:36:45.336"
"1688","5400","-3","60","2021-04-15 00:36:45.427"
"1689","5370","-4","29","2021-04-15 00:36:45.427"
"1690","5370","-4","37","2021-04-15 00:36:45.429"
"1691","5370","-4","50","2021-04-15 00:36:45.435"
"1692","5370","-4","98","2021-04-15 00:36:45.436"
"1693","5387","-4","3","2021-04-15 00:36:45.436"
"1694","5413","-3","130","2021-04-15 00:36:45.438"
"1695","5387","-4","176","2021-04-15 00:36:45.450"
"1696","5423","-3","22","2021-04-15 00:36:45.453"
"1697","5315","-6","49","2021-04-15 00:36:45.485"
"1698","5353","-7","30","2021-04-15 00:36:45.485"
"1699","5445","-6","49","2021-04-15 00:36:45.512"
"1700","5443","-7","25","2021-04-15 00:36:45.512"
"1701","5276","-8","514","2021-04-15 00:36:45.512"
"1702","5444","-8","135","2021-04-15 00:36:45.512"
"1703","5435","-3","36","2021-04-15 00:36:45.514"
"1704","5411","-2","85","2021-04-15 00:36:45.514"
"1705","5460","-3","32","2021-04-15 00:36:45.550"
"1706","5455","-2","45","2021-04-15 00:36:45.550"
"1707","5455","-2","2","2021-04-15 00:36:45.559"
"1708","5464","-1","58","2021-04-15 00:36:45.559"
"1709","5392","0","30","2021-04-15 00:36:45.559"
"1710","5395","1","270","2021-04-15 00:36:45.559"
"1711","5348","2","21","2021-04-15 00:36:45.559"
"1712","5404","4","48","2021-04-15 00:36:45.559"
"1713","5404","4","69","2021-04-15 00:36:45.565"
"1714","5473","-2","73","2021-04-15 00:36:45.569"
"1715","5475","3","24","2021-04-15 00:36:45.575"
"1716","5404","4","244","2021-04-15 00:36:45.575"
"1717","5470","5","62","2021-04-15 00:36:45.575"
"1718","5481","2","30","2021-04-15 00:36:45.584"
"1719","5522","-2","62","2021-04-15 00:36:45.657"
"1720","5522","-2","17","2021-04-15 00:36:45.658"
"1721","5528","-2","60","2021-04-15 00:36:45.675"
"1722","5531","5","26","2021-04-15 00:36:45.759"
"1723","5534","5","75","2021-04-15 00:36:45.759"
"1724","5566","5","23","2021-04-15 00:36:45.759"
"1725","5543","6","25","2021-04-15 00:36:45.760"
"1726","5543","6","37","2021-04-15 00:36:45.762"
"1727","5551","6","40","2021-04-15 00:36:45.762"
"1728","5553","6","2","2021-04-15 00:36:45.762"
"1729","5559","6","129","2021-04-15 00:36:45.783"
"1730","5601","5","53","2021-04-15 00:36:45.828"
"1731","5605","4","21","2021-04-15 00:36:45.831"
"1732","5601","5","7","2021-04-15 00:36:45.831"
"1733","5595","6","25","2021-04-15 00:36:45.831"
"1734","5602","6","12","2021-04-15 00:36:45.831"
"1735","5602","6","37","2021-04-15 00:36:45.852"
"1736","5529","7","55","2021-04-15 00:36:45.852"
"1737","5580","7","8","2021-04-15 00:36:45.852"
"1738","5622","5","64","2021-04-15 00:36:45.876"
"1739","5631","4","99","2021-04-15 00:36:45.881"
"1740","5638","3","25","2021-04-15 00:36:45.891"
"1741","5631","4","92","2021-04-15 00:36:45.891"
"1742","5622","5","118","2021-04-15 00:36:45.891"
"1743","5622","5","72","2021-04-15 00:36:45.900"
"1744","5637","5","51","2021-04-15 00:36:45.921"
"1745","5641","6","24","2021-04-15 00:36:45.921"
"1746","5642","6","459","2021-04-15 00:36:45.921"
"1747","5583","7","48","2021-04-15 00:36:45.921"
"1748","5616","8","25","2021-04-15 00:36:45.921"
"1749","5669","12","52","2021-04-15 00:36:45.943"
"1750","5676","16","38","2021-04-15 00:36:45.959"
"1751","5674","6","59","2021-04-15 00:36:45.965"
"1752","5673","5","23","2021-04-15 00:36:45.965"
"1753","5540","0","85","2021-04-15 00:36:45.965"
"1754","5550","0","208","2021-04-15 00:36:45.965"
"1755","5627","0","68","2021-04-15 00:36:45.965"
"1756","5545","-1","257","2021-04-15 00:36:45.965"
"1757","5632","-2","33","2021-04-15 00:36:45.965"
"1758","5658","-2","22","2021-04-15 00:36:45.965"
"1759","5589","-3","35","2021-04-15 00:36:45.965"
"1760","5598","-3","21","2021-04-15 00:36:45.965"
"1761","5650","-3","87","2021-04-15 00:36:45.965"
"1762","5552","-4","26","2021-04-15 00:36:45.965"
"1763","5558","-4","13","2021-04-15 00:36:45.965"
"1764","5558","-4","15","2021-04-15 00:36:45.985"
"1765","5577","-4","58","2021-04-15 00:36:45.985"
"1766","5585","-4","82","2021-04-15 00:36:45.985"
"1767","5705","-3","29","2021-04-15 00:36:46.028"
"1768","5585","-4","35","2021-04-15 00:36:46.028"
"1769","5717","-3","28","2021-04-15 00:36:46.031"
"1770","5585","-4","15","2021-04-15 00:36:46.031"
"1771","5710","-4","9","2021-04-15 00:36:46.031"
"1772","5741","-2","73","2021-04-15 00:36:46.083"
"1773","5692","0","13","2021-04-15 00:36:46.083"
"1774","5750","-1","22","2021-04-15 00:36:46.089"
"1775","5692","0","19","2021-04-15 00:36:46.096"
"1776","5753","0","14","2021-04-15 00:36:46.098"
"1777","5751","-1","4","2021-04-15 00:36:46.101"
"1778","5747","-2","33","2021-04-15 00:36:46.101"
"1779","5744","-3","17","2021-04-15 00:36:46.101"
"1780","5744","-3","21","2021-04-15 00:36:46.116"
"1781","5714","-4","40","2021-04-15 00:36:46.116"
"1782","5722","-4","72","2021-04-15 00:36:46.116"
"1783","5736","-4","187","2021-04-15 00:36:46.116"
"1784","5736","-4","343","2021-04-15 00:36:46.122"
"1785","5769","-2","20","2021-04-15 00:36:46.125"
"1786","5769","-2","1","2021-04-15 00:36:46.127"
"1787","5771","-1","28","2021-04-15 00:36:46.127"
"1788","5754","0","25","2021-04-15 00:36:46.127"
"1789","5783","-2","34","2021-04-15 00:36:46.166"
"1790","5793","-3","97","2021-04-15 00:36:46.166"
"1791","5820","-2","67","2021-04-15 00:36:46.222"
"1792","5808","-3","14","2021-04-15 00:36:46.222"
"1793","5827","-2","48","2021-04-15 00:36:46.246"
"1794","5808","-3","69","2021-04-15 00:36:46.246"
"1795","5832","-3","23","2021-04-15 00:36:46.246"
"1796","5833","-3","21","2021-04-15 00:36:46.246"
"1797","5833","-3","30","2021-04-15 00:36:46.261"
"1798","5837","-4","25","2021-04-15 00:36:46.261"
"1799","5844","-2","22","2021-04-15 00:36:46.276"
"1800","5844","-2","28","2021-04-15 00:36:46.278"
"1801","5842","-1","38","2021-04-15 00:36:46.284"
"1802","5846","-1","214","2021-04-15 00:36:46.284"
"1803","5846","-1","185","2021-04-15 00:36:46.290"
"1804","5856","-2","25","2021-04-15 00:36:46.297"
"1805","5873","-3","65","2021-04-15 00:36:46.351"
"1806","5876","-2","22","2021-04-15 00:36:46.351"
"1807","5867","-6","66","2021-04-15 00:36:46.388"
"1808","5881","-6","45","2021-04-15 00:36:46.388"
"1809","5869","-7","65","2021-04-15 00:36:46.389"
"1810","5869","-7","25","2021-04-15 00:36:46.391"
"1811","5895","-6","25","2021-04-15 00:36:46.404"
"1812","5869","-7","7","2021-04-15 00:36:46.405"
"1813","5897","-7","24","2021-04-15 00:36:46.407"
"1814","5895","-6","59","2021-04-15 00:36:46.407"
"1815","5889","-5","51","2021-04-15 00:36:46.407"
"1816","5888","-4","299","2021-04-15 00:36:46.407"
"1817","5886","-3","34","2021-04-15 00:36:46.407"
"1818","5754","0","192","2021-04-15 00:36:46.407"
"1819","5822","0","56","2021-04-15 00:36:46.407"
"1820","5900","-16","26","2021-04-15 00:36:46.412"
"1821","5900","-16","15","2021-04-15 00:36:46.416"
"1822","5902","-15","55","2021-04-15 00:36:46.429"
"1823","5919","-26","28","2021-04-15 00:36:46.460"
"1824","5917","-27","23","2021-04-15 00:36:46.461"
"1825","5920","-27","23","2021-04-15 00:36:46.461"
"1826","5921","-27","107","2021-04-15 00:36:46.461"
"1827","5935","-19","44","2021-04-15 00:36:46.486"
"1828","5930","-20","39","2021-04-15 00:36:46.486"
"1829","5929","-21","33","2021-04-15 00:36:46.486"
"1830","5932","-21","27","2021-04-15 00:36:46.486"
"1831","5933","-21","16","2021-04-15 00:36:46.486"
"1832","5948","-26","22","2021-04-15 00:36:46.564"
"1833","5951","-27","20","2021-04-15 00:36:46.564"
"1834","5953","-27","29","2021-04-15 00:36:46.564"
"1835","5957","-27","6","2021-04-15 00:36:46.564"
"1836","5952","-20","45","2021-04-15 00:36:46.565"
"1837","5947","-19","6","2021-04-15 00:36:46.565"
"1838","5966","-20","25","2021-04-15 00:36:46.577"
"1839","5947","-19","82","2021-04-15 00:36:46.577"
"1840","5958","-19","20","2021-04-15 00:36:46.577"
"1841","5960","-19","12","2021-04-15 00:36:46.577"
"1842","5960","-19","23","2021-04-15 00:36:46.582"
"1843","5968","-19","34","2021-04-15 00:36:46.582"
"1844","5931","-18","26","2021-04-15 00:36:46.582"
"1845","5983","-25","124","2021-04-15 00:36:46.638"
"1846","5965","-26","17","2021-04-15 00:36:46.638"
"1847","5965","-26","18","2021-04-15 00:36:46.650"
"1848","5957","-27","67","2021-04-15 00:36:46.650"
"1849","5961","-27","31","2021-04-15 00:36:46.650"
"1850","5927","-17","30","2021-04-15 00:36:46.658"
"1851","5936","-17","109","2021-04-15 00:36:46.658"
"1852","5915","-15","24","2021-04-15 00:36:46.658"
"1853","5926","-15","27","2021-04-15 00:36:46.658"
"1854","5908","-14","87","2021-04-15 00:36:46.658"
"1855","5858","0","31","2021-04-15 00:36:46.658"
"1856","5727","1","31","2021-04-15 00:36:46.658"
"1857","5695","2","23","2021-04-15 00:36:46.658"
"1858","5709","3","26","2021-04-15 00:36:46.658"
"1859","5838","3","21","2021-04-15 00:36:46.658"
"1860","5763","4","34","2021-04-15 00:36:46.658"
"1861","5777","4","34","2021-04-15 00:36:46.658"
"1862","5782","4","530","2021-04-15 00:36:46.658"
"1863","5785","4","23","2021-04-15 00:36:46.658"
"1864","5836","4","43","2021-04-15 00:36:46.658"
"1865","5737","6","42","2021-04-15 00:36:46.658"
"1866","5803","6","56","2021-04-15 00:36:46.658"
"1867","5813","6","27","2021-04-15 00:36:46.658"
"1868","5817","6","65","2021-04-15 00:36:46.658"
"1869","5755","7","44","2021-04-15 00:36:46.658"
"1870","5810","7","20","2021-04-15 00:36:46.658"
"1871","5993","-19","114","2021-04-15 00:36:46.662"
"1872","5994","-18","51","2021-04-15 00:36:46.672"
"1873","6005","-23","37","2021-04-15 00:36:46.693"
"1874","6006","-24","40","2021-04-15 00:36:46.693"
"1875","6020","-23","21","2021-04-15 00:36:46.717"
"1876","6006","-24","70","2021-04-15 00:36:46.722"
"1877","6037","-23","35","2021-04-15 00:36:46.756"
"1878","6042","-26","37","2021-04-15 00:36:46.792"
"1879","6066","-25","75","2021-04-15 00:36:46.820"
"1880","6059","-24","21","2021-04-15 00:36:46.820"
"1881","6059","-24","108","2021-04-15 00:36:46.824"
"1882","6067","-24","62","2021-04-15 00:36:46.824"
"1883","6064","-23","29","2021-04-15 00:36:46.824"
"1884","6065","-23","24","2021-04-15 00:36:46.824"
"1885","6074","-24","26","2021-04-15 00:36:46.841"
"1886","6065","-23","37","2021-04-15 00:36:46.841"
"1887","6081","-24","56","2021-04-15 00:36:46.845"
"1888","6063","-28","565","2021-04-15 00:36:46.883"
"1889","6069","-28","73","2021-04-15 00:36:46.883"
"1890","6089","-29","16","2021-04-15 00:36:46.883"
"1891","6101","-28","27","2021-04-15 00:36:46.918"
"1892","6101","-28","1","2021-04-15 00:36:46.919"
"1893","6089","-29","21","2021-04-15 00:36:46.923"
"1894","6090","-29","28","2021-04-15 00:36:46.923"
"1895","6091","-29","24","2021-04-15 00:36:46.923"
"1896","6091","-29","2","2021-04-15 00:36:46.928"
"1897","6119","-32","92","2021-04-15 00:36:46.942"
"1898","6128","-35","119","2021-04-15 00:36:46.967"
"1899","6128","-35","147","2021-04-15 00:36:46.980"
"1900","6134","-31","26","2021-04-15 00:36:46.986"
"1901","6133","-30","46","2021-04-15 00:36:46.986"
"1902","6150","-31","21","2021-04-15 00:36:47.002"
"1903","6133","-30","205","2021-04-15 00:36:47.002"
"1904","6165","-33","22","2021-04-15 00:36:47.044"
"1905","6164","-32","50","2021-04-15 00:36:47.044"
"1906","6164","-32","41","2021-04-15 00:36:47.045"
"1907","6167","-32","127","2021-04-15 00:36:47.045"
"1908","6152","-31","34","2021-04-15 00:36:47.045"
"1909","6156","-31","57","2021-04-15 00:36:47.045"
"1910","6136","-30","25","2021-04-15 00:36:47.045"
"1911","6137","-30","31","2021-04-15 00:36:47.045"
"1912","6177","-34","73","2021-04-15 00:36:47.061"
"1913","6176","-33","39","2021-04-15 00:36:47.075"
"1914","6178","-33","24","2021-04-15 00:36:47.075"
"1915","6210","-35","36","2021-04-15 00:36:47.149"
"1916","6215","-35","97","2021-04-15 00:36:47.151"
"1917","6212","-36","27","2021-04-15 00:36:47.151"
"1918","6203","-37","31","2021-04-15 00:36:47.151"
"1919","6205","-37","23","2021-04-15 00:36:47.151"
"1920","6213","-37","42","2021-04-15 00:36:47.151"
"1921","6219","-34","98","2021-04-15 00:36:47.156"
"1922","6219","-34","62","2021-04-15 00:36:47.157"
"1923","6219","-34","210","2021-04-15 00:36:47.162"
"1924","6224","-43","39","2021-04-15 00:36:47.164"
"1925","6232","-35","42","2021-04-15 00:36:47.202"
"1926","6219","-34","19","2021-04-15 00:36:47.202"
"1927","6230","-43","36","2021-04-15 00:36:47.204"
"1928","6236","-44","127","2021-04-15 00:36:47.204"
"1929","6237","-44","27","2021-04-15 00:36:47.204"
"1930","6238","-44","26","2021-04-15 00:36:47.204"
"1931","6228","-45","1","2021-04-15 00:36:47.204"
"1932","6253","-42","40","2021-04-15 00:36:47.230"
"1933","6252","-43","35","2021-04-15 00:36:47.230"
"1934","6245","-44","45","2021-04-15 00:36:47.230"
"1935","6229","-45","32","2021-04-15 00:36:47.230"
"1936","6248","-45","34","2021-04-15 00:36:47.230"
"1937","6251","-45","69","2021-04-15 00:36:47.230"
"1938","6271","-38","35","2021-04-15 00:36:47.272"
"1939","6268","-39","34","2021-04-15 00:36:47.272"
"1940","6273","-39","8","2021-04-15 00:36:47.272"
"1941","6275","-38","23","2021-04-15 00:36:47.278"
"1942","6273","-39","14","2021-04-15 00:36:47.283"
"1943","6294","-41","38","2021-04-15 00:36:47.326"
"1944","6290","-40","74","2021-04-15 00:36:47.326"
"1945","6295","-47","43","2021-04-15 00:36:47.327"
"1946","6309","-42","33","2021-04-15 00:36:47.336"
"1947","6308","-41","132","2021-04-15 00:36:47.336"
"1948","6290","-40","35","2021-04-15 00:36:47.353"
"1949","6299","-40","85","2021-04-15 00:36:47.353"
"1950","6279","-39","52","2021-04-15 00:36:47.353"
"1951","6302","-39","27","2021-04-15 00:36:47.353"
"1952","6306","-39","133","2021-04-15 00:36:47.353"
"1953","6275","-38","134","2021-04-15 00:36:47.353"
"1954","6283","-38","28","2021-04-15 00:36:47.353"
"1955","6286","-38","997","2021-04-15 00:36:47.353"
"1956","6289","-38","22","2021-04-15 00:36:47.353"
"1957","6270","-37","46","2021-04-15 00:36:47.353"
"1958","6256","-36","126","2021-04-15 00:36:47.353"
"1959","6246","-35","72","2021-04-15 00:36:47.353"
"1960","6258","-35","73","2021-04-15 00:36:47.353"
"1961","6320","-36","36","2021-04-15 00:36:47.381"
"1962","6258","-35","66","2021-04-15 00:36:47.381"
"1963","6332","-43","28","2021-04-15 00:36:47.406"
"1964","6333","-43","67","2021-04-15 00:36:47.406"
"1965","6334","-43","56","2021-04-15 00:36:47.406"
"1966","6324","-44","36","2021-04-15 00:36:47.406"
"1967","6318","-45","34","2021-04-15 00:36:47.406"
"1968","6319","-46","35","2021-04-15 00:36:47.406"
"1969","6322","-46","38","2021-04-15 00:36:47.406"
"1970","6343","-37","35","2021-04-15 00:36:47.427"
"1971","6335","-36","245","2021-04-15 00:36:47.427"
"1972","6335","-36","37","2021-04-15 00:36:47.434"
"1973","6258","-35","76","2021-04-15 00:36:47.434"
"1974","6269","-35","26","2021-04-15 00:36:47.434"
"1975","6338","-35","11","2021-04-15 00:36:47.434"
"1976","6357","-36","50","2021-04-15 00:36:47.446"
"1977","6376","-37","29","2021-04-15 00:36:47.506"
"1978","6357","-36","15","2021-04-15 00:36:47.506"
"1979","6377","-36","80","2021-04-15 00:36:47.506"
"1980","6381","-36","67","2021-04-15 00:36:47.506"
"1981","6339","-35","59","2021-04-15 00:36:47.506"
"1982","6340","-35","237","2021-04-15 00:36:47.506"
"1983","6364","-35","78","2021-04-15 00:36:47.506"
"1984","6366","-35","21","2021-04-15 00:36:47.506"
"1985","6368","-35","693","2021-04-15 00:36:47.506"
"1986","6372","-35","134","2021-04-15 00:36:47.506"
"1987","6375","-35","165","2021-04-15 00:36:47.506"
"1988","6219","-34","85","2021-04-15 00:36:47.506"
"1989","6391","-44","44","2021-04-15 00:36:47.524"
"1990","6389","-45","54","2021-04-15 00:36:47.524"
"1991","6387","-46","24","2021-04-15 00:36:47.524"
"1992","6219","-34","60","2021-04-15 00:36:47.526"
"1993","6219","-34","69","2021-04-15 00:36:47.542"
"1994","6370","-47","63","2021-04-15 00:36:47.593"
"1995","6380","-47","22","2021-04-15 00:36:47.593"
"1996","6395","-48","27","2021-04-15 00:36:47.593"
"1997","6404","-48","26","2021-04-15 00:36:47.593"
"1998","6405","-48","37","2021-04-15 00:36:47.593"
"1999","6435","-38","88","2021-04-15 00:36:47.637"
"2000","6440","-38","26","2021-04-15 00:36:47.637"
"2001","6427","-36","31","2021-04-15 00:36:47.637"
"2002","6415","-33","11","2021-04-15 00:36:47.637"
"2003","6457","-49","43","2021-04-15 00:36:47.670"
"2004","6458","-50","71","2021-04-15 00:36:47.670"
"2005","6460","-50","83","2021-04-15 00:36:47.670"
"2006","6451","-40","22","2021-04-15 00:36:47.677"
"2007","6459","-39","163","2021-04-15 00:36:47.677"
"2008","6481","-53","34","2021-04-15 00:36:47.696"
"2009","6478","-54","68","2021-04-15 00:36:47.696"
"2010","6478","-54","89","2021-04-15 00:36:47.701"
"2011","6469","-45","58","2021-04-15 00:36:47.704"
"2012","6503","-50","27","2021-04-15 00:36:47.743"
"2013","6506","-49","62","2021-04-15 00:36:47.743"
"2014","6509","-60","20","2021-04-15 00:36:47.762"
"2015","6523","-59","50","2021-04-15 00:36:47.775"
"2016","6522","-58","63","2021-04-15 00:36:47.775"
"2017","6547","-67","58","2021-04-15 00:36:47.830"
"2018","6553","-66","43","2021-04-15 00:36:47.841"
"2019","6533","-65","30","2021-04-15 00:36:47.841"
"2020","6554","-65","34","2021-04-15 00:36:47.841"
"2021","6558","-65","34","2021-04-15 00:36:47.841"
"2022","6563","-66","38","2021-04-15 00:36:47.847"
"2023","6564","-66","5","2021-04-15 00:36:47.848"
"2024","6551","-68","43","2021-04-15 00:36:47.853"
"2025","6559","-69","26","2021-04-15 00:36:47.853"
