"OrderId","ClientOrderId","Price","Volume","DateTime"
"1","2","98","62","2021-04-14 19:22:51.918"
"2","12","90","42","2021-04-14 19:22:52.660"
"3","9","89","11","2021-04-14 19:22:52.660"
"4","20","91","22","2021-04-14 19:22:52.690"
"5","18","90","22","2021-04-14 19:22:52.690"
"6","21","90","53","2021-04-14 19:22:52.691"
"7","9","89","11","2021-04-14 19:22:52.691"
"8","8","88","50","2021-04-14 19:22:52.691"
"9","17","88","37","2021-04-14 19:22:52.691"
"10","42","98","24","2021-04-14 19:22:52.748"
"11","13","99","95","2021-04-14 19:22:52.749"
"12","54","98","22","2021-04-14 19:22:52.753"
"13","13","99","27","2021-04-14 19:22:52.753"
"14","16","99","23","2021-04-14 19:22:52.753"
"15","64","95","64","2021-04-14 19:22:52.779"
"16","63","98","62","2021-04-14 19:22:52.781"
"17","16","99","2","2021-04-14 19:22:52.781"
"18","50","99","27","2021-04-14 19:22:52.781"
"19","72","98","59","2021-04-14 19:22:52.795"
"20","64","95","92","2021-04-14 19:22:52.803"
"21","69","94","24","2021-04-14 19:22:52.803"
"22","71","94","29","2021-04-14 19:22:52.803"
"23","61","93","55","2021-04-14 19:22:52.803"
"24","56","92","27","2021-04-14 19:22:52.803"
"25","125","90","42","2021-04-14 19:22:52.907"
"26","122","89","103","2021-04-14 19:22:52.907"
"27","127","90","22","2021-04-14 19:22:52.913"
"28","122","89","22","2021-04-14 19:22:52.913"
"29","112","88","20","2021-04-14 19:22:52.913"
"30","114","88","105","2021-04-14 19:22:52.913"
"31","115","88","29","2021-04-14 19:22:52.913"
"32","124","88","99","2021-04-14 19:22:52.913"
"33","109","87","46","2021-04-14 19:22:52.913"
"34","128","95","45","2021-04-14 19:22:52.914"
"35","123","96","35","2021-04-14 19:22:52.915"
"36","129","96","112","2021-04-14 19:22:52.915"
"37","84","97","21","2021-04-14 19:22:52.915"
"38","84","97","41","2021-04-14 19:22:52.919"
"39","103","97","464","2021-04-14 19:22:52.919"
"40","139","95","38","2021-04-14 19:22:52.945"
"41","132","94","27","2021-04-14 19:22:52.945"
"42","142","94","93","2021-04-14 19:22:52.945"
"43","154","94","27","2021-04-14 19:22:52.962"
"44","153","95","40","2021-04-14 19:22:52.962"
"45","152","96","5","2021-04-14 19:22:52.962"
"46","166","94","51","2021-04-14 19:22:52.985"
"47","173","94","24","2021-04-14 19:22:53.004"
"48","161","95","51","2021-04-14 19:22:53.004"
"49","180","95","24","2021-04-14 19:22:53.018"
"50","152","96","22","2021-04-14 19:22:53.018"
"51","168","96","4","2021-04-14 19:22:53.018"
"52","168","96","153","2021-04-14 19:22:53.024"
"53","144","97","27","2021-04-14 19:22:53.033"
"54","159","97","32","2021-04-14 19:22:53.033"
"55","160","97","45","2021-04-14 19:22:53.033"
"56","196","89","109","2021-04-14 19:22:53.073"
"57","213","94","49","2021-04-14 19:22:53.077"
"58","197","95","37","2021-04-14 19:22:53.077"
"59","207","96","20","2021-04-14 19:22:53.077"
"60","223","92","29","2021-04-14 19:22:53.095"
"61","215","91","26","2021-04-14 19:22:53.095"
"62","222","96","49","2021-04-14 19:22:53.096"
"63","216","97","51","2021-04-14 19:22:53.096"
"64","219","97","45","2021-04-14 19:22:53.096"
"65","240","97","21","2021-04-14 19:22:53.129"
"66","249","104","28","2021-04-14 19:22:53.141"
"67","244","98","24","2021-04-14 19:22:53.156"
"68","243","97","7","2021-04-14 19:22:53.156"
"69","247","97","72","2021-04-14 19:22:53.156"
"70","248","97","12","2021-04-14 19:22:53.156"
"71","261","97","23","2021-04-14 19:22:53.175"
"72","265","97","30","2021-04-14 19:22:53.176"
"73","268","96","33","2021-04-14 19:22:53.176"
"74","291","105","22","2021-04-14 19:22:53.221"
"75","289","106","32","2021-04-14 19:22:53.221"
"76","257","107","33","2021-04-14 19:22:53.221"
"77","294","107","25","2021-04-14 19:22:53.225"
"78","295","103","33","2021-04-14 19:22:53.228"
"79","285","102","30","2021-04-14 19:22:53.228"
"80","288","102","15","2021-04-14 19:22:53.228"
"81","288","102","114","2021-04-14 19:22:53.230"
"82","288","102","50","2021-04-14 19:22:53.231"
"83","322","106","65","2021-04-14 19:22:53.270"
"84","288","102","514","2021-04-14 19:22:53.271"
"85","288","102","53","2021-04-14 19:22:53.292"
"86","337","104","32","2021-04-14 19:22:53.297"
"87","332","105","88","2021-04-14 19:22:53.297"
"88","322","106","31","2021-04-14 19:22:53.297"
"89","344","104","87","2021-04-14 19:22:53.310"
"90","288","102","21","2021-04-14 19:22:53.348"
"91","357","104","21","2021-04-14 19:22:53.352"
"92","341","105","30","2021-04-14 19:22:53.352"
"93","360","105","96","2021-04-14 19:22:53.352"
"94","307","102","22","2021-04-14 19:22:53.366"
"95","316","102","53","2021-04-14 19:22:53.366"
"96","355","102","33","2021-04-14 19:22:53.366"
"97","325","101","23","2021-04-14 19:22:53.366"
"98","343","101","50","2021-04-14 19:22:53.366"
"99","346","101","31","2021-04-14 19:22:53.366"
"100","370","101","51","2021-04-14 19:22:53.366"
"101","372","101","42","2021-04-14 19:22:53.366"
"102","349","106","25","2021-04-14 19:22:53.380"
"103","371","106","21","2021-04-14 19:22:53.380"
"104","385","102","25","2021-04-14 19:22:53.388"
"105","386","102","77","2021-04-14 19:22:53.390"
"106","391","104","41","2021-04-14 19:22:53.408"
"107","402","107","44","2021-04-14 19:22:53.421"
"108","400","108","10","2021-04-14 19:22:53.421"
"109","403","104","29","2021-04-14 19:22:53.442"
"110","399","103","22","2021-04-14 19:22:53.442"
"111","397","101","12","2021-04-14 19:22:53.442"
"112","400","108","51","2021-04-14 19:22:53.453"
"113","422","101","47","2021-04-14 19:22:53.460"
"114","389","100","79","2021-04-14 19:22:53.460"
"115","426","107","29","2021-04-14 19:22:53.469"
"116","400","108","132","2021-04-14 19:22:53.469"
"117","400","108","93","2021-04-14 19:22:53.487"
"118","449","102","35","2021-04-14 19:22:53.508"
"119","429","101","45","2021-04-14 19:22:53.508"
"120","442","101","18","2021-04-14 19:22:53.508"
"121","452","107","30","2021-04-14 19:22:53.511"
"122","400","108","25","2021-04-14 19:22:53.511"
"123","455","107","50","2021-04-14 19:22:53.515"
"124","400","108","291","2021-04-14 19:22:53.515"
"125","400","108","233","2021-04-14 19:22:53.520"
"126","454","102","151","2021-04-14 19:22:53.542"
"127","400","108","152","2021-04-14 19:22:53.553"
"128","400","108","53","2021-04-14 19:22:53.566"
"129","400","108","119","2021-04-14 19:22:53.574"
"130","485","106","24","2021-04-14 19:22:53.575"
"131","487","105","28","2021-04-14 19:22:53.576"
"132","491","107","51","2021-04-14 19:22:53.582"
"133","491","107","52","2021-04-14 19:22:53.584"
"134","508","105","30","2021-04-14 19:22:53.602"
"135","506","106","47","2021-04-14 19:22:53.603"
"136","491","107","14","2021-04-14 19:22:53.603"
"137","503","107","23","2021-04-14 19:22:53.603"
"138","400","108","135","2021-04-14 19:22:53.603"
"139","514","98","23","2021-04-14 19:22:53.641"
"140","516","98","31","2021-04-14 19:22:53.641"
"141","516","98","45","2021-04-14 19:22:53.656"
"142","527","98","22","2021-04-14 19:22:53.657"
"143","536","97","74","2021-04-14 19:22:53.657"
"144","537","97","37","2021-04-14 19:22:53.657"
"145","541","106","60","2021-04-14 19:22:53.666"
"146","540","98","41","2021-04-14 19:22:53.669"
"147","537","97","18","2021-04-14 19:22:53.669"
"148","557","105","25","2021-04-14 19:22:53.689"
"149","554","106","23","2021-04-14 19:22:53.689"
"150","534","107","41","2021-04-14 19:22:53.689"
"151","544","107","2","2021-04-14 19:22:53.689"
"152","559","99","36","2021-04-14 19:22:53.697"
"153","550","98","53","2021-04-14 19:22:53.697"
"154","409","108","25","2021-04-14 19:22:53.699"
"155","438","108","27","2021-04-14 19:22:53.699"
"156","526","108","4","2021-04-14 19:22:53.699"
"157","565","99","159","2021-04-14 19:22:53.708"
"158","565","99","296","2021-04-14 19:22:53.709"
"159","607","103","72","2021-04-14 19:22:53.799"
"160","617","106","32","2021-04-14 19:22:53.809"
"161","620","105","21","2021-04-14 19:22:53.810"
"162","617","106","7","2021-04-14 19:22:53.811"
"163","616","107","24","2021-04-14 19:22:53.811"
"164","578","108","54","2021-04-14 19:22:53.811"
"165","585","108","41","2021-04-14 19:22:53.811"
"166","522","109","24","2021-04-14 19:22:53.812"
"167","613","109","22","2021-04-14 19:22:53.812"
"168","615","109","55","2021-04-14 19:22:53.812"
"169","636","106","26","2021-04-14 19:22:53.865"
"170","620","105","23","2021-04-14 19:22:53.865"
"171","629","105","65","2021-04-14 19:22:53.865"
"172","630","105","21","2021-04-14 19:22:53.865"
"173","644","105","23","2021-04-14 19:22:53.865"
"174","646","105","672","2021-04-14 19:22:53.865"
"175","647","105","41","2021-04-14 19:22:53.865"
"176","618","104","35","2021-04-14 19:22:53.866"
"177","607","103","121","2021-04-14 19:22:53.866"
"178","619","103","34","2021-04-14 19:22:53.866"
"179","600","102","13","2021-04-14 19:22:53.866"
"180","657","110","35","2021-04-14 19:22:53.892"
"181","643","111","29","2021-04-14 19:22:53.892"
"182","643","111","34","2021-04-14 19:22:53.901"
"183","683","109","42","2021-04-14 19:22:53.931"
"184","681","108","55","2021-04-14 19:22:53.939"
"185","681","108","11","2021-04-14 19:22:53.945"
"186","678","107","22","2021-04-14 19:22:53.945"
"187","686","107","34","2021-04-14 19:22:53.945"
"188","686","107","9","2021-04-14 19:22:53.947"
"189","676","106","74","2021-04-14 19:22:53.947"
"190","675","105","32","2021-04-14 19:22:53.947"
"191","677","105","32","2021-04-14 19:22:53.947"
"192","673","104","47","2021-04-14 19:22:53.947"
"193","669","103","22","2021-04-14 19:22:53.947"
"194","600","102","56","2021-04-14 19:22:53.947"
"195","692","113","306","2021-04-14 19:22:53.955"
"196","697","113","33","2021-04-14 19:22:53.955"
"197","700","104","28","2021-04-14 19:22:53.961"
"198","695","103","23","2021-04-14 19:22:53.961"
"199","600","102","50","2021-04-14 19:22:53.961"
"200","600","102","123","2021-04-14 19:22:53.962"
"201","702","105","110","2021-04-14 19:22:53.967"
"202","701","106","20","2021-04-14 19:22:53.967"
"203","709","107","25","2021-04-14 19:22:53.976"
"204","720","106","136","2021-04-14 19:22:53.995"
"205","718","105","71","2021-04-14 19:22:53.995"
"206","732","113","28","2021-04-14 19:22:54.020"
"207","716","114","85","2021-04-14 19:22:54.020"
"208","725","106","30","2021-04-14 19:22:54.040"
"209","738","106","66","2021-04-14 19:22:54.040"
"210","738","106","89","2021-04-14 19:22:54.042"
"211","718","105","29","2021-04-14 19:22:54.042"
"212","740","105","28","2021-04-14 19:22:54.042"
"213","724","104","23","2021-04-14 19:22:54.042"
"214","705","103","53","2021-04-14 19:22:54.042"
"215","747","104","80","2021-04-14 19:22:54.050"
"216","705","103","35","2021-04-14 19:22:54.050"
"217","668","101","17","2021-04-14 19:22:54.050"
"218","753","100","24","2021-04-14 19:22:54.061"
"219","754","100","34","2021-04-14 19:22:54.061"
"220","771","107","35","2021-04-14 19:22:54.088"
"221","769","106","24","2021-04-14 19:22:54.088"
"222","762","103","21","2021-04-14 19:22:54.088"
"223","749","111","29","2021-04-14 19:22:54.110"
"224","752","111","44","2021-04-14 19:22:54.110"
"225","791","110","24","2021-04-14 19:22:54.119"
"226","774","111","27","2021-04-14 19:22:54.119"
"227","807","110","69","2021-04-14 19:22:54.148"
"228","774","111","14","2021-04-14 19:22:54.154"
"229","795","111","17","2021-04-14 19:22:54.154"
"230","817","111","20","2021-04-14 19:22:54.175"
"231","803","109","34","2021-04-14 19:22:54.182"
"232","822","109","37","2021-04-14 19:22:54.182"
"233","826","108","1","2021-04-14 19:22:54.182"
"234","800","107","50","2021-04-14 19:22:54.199"
"235","787","112","116","2021-04-14 19:22:54.200"
"236","837","111","26","2021-04-14 19:22:54.203"
"237","787","112","124","2021-04-14 19:22:54.203"
"238","787","112","50","2021-04-14 19:22:54.205"
"239","800","107","49","2021-04-14 19:22:54.214"
"240","828","107","22","2021-04-14 19:22:54.214"
"241","843","106","25","2021-04-14 19:22:54.214"
"242","844","106","28","2021-04-14 19:22:54.214"
"243","850","103","29","2021-04-14 19:22:54.231"
"244","787","112","108","2021-04-14 19:22:54.233"
"245","787","112","77","2021-04-14 19:22:54.236"
"246","860","108","21","2021-04-14 19:22:54.239"
"247","877","102","20","2021-04-14 19:22:54.263"
"248","871","101","64","2021-04-14 19:22:54.263"
"249","894","99","29","2021-04-14 19:22:54.327"
"250","891","104","53","2021-04-14 19:22:54.331"
"251","886","105","29","2021-04-14 19:22:54.331"
"252","881","106","22","2021-04-14 19:22:54.331"
"253","879","107","87","2021-04-14 19:22:54.331"
"254","879","107","110","2021-04-14 19:22:54.334"
"255","879","107","60","2021-04-14 19:22:54.335"
"256","879","107","60","2021-04-14 19:22:54.359"
"257","915","98","22","2021-04-14 19:22:54.362"
"258","926","107","24","2021-04-14 19:22:54.383"
"259","918","108","34","2021-04-14 19:22:54.383"
"260","919","108","25","2021-04-14 19:22:54.383"
"261","876","109","32","2021-04-14 19:22:54.383"
"262","923","109","10","2021-04-14 19:22:54.383"
"263","938","108","57","2021-04-14 19:22:54.402"
"264","938","108","73","2021-04-14 19:22:54.404"
"265","943","105","29","2021-04-14 19:22:54.412"
"266","943","105","3","2021-04-14 19:22:54.414"
"267","947","105","25","2021-04-14 19:22:54.415"
"268","932","104","154","2021-04-14 19:22:54.425"
"269","950","104","25","2021-04-14 19:22:54.425"
"270","936","103","15","2021-04-14 19:22:54.425"
"271","941","107","36","2021-04-14 19:22:54.435"
"272","951","107","46","2021-04-14 19:22:54.435"
"273","938","108","11","2021-04-14 19:22:54.435"
"274","938","108","77","2021-04-14 19:22:54.439"
"275","956","108","30","2021-04-14 19:22:54.439"
"276","957","108","21","2021-04-14 19:22:54.439"
"277","962","107","26","2021-04-14 19:22:54.441"
"278","957","108","24","2021-04-14 19:22:54.441"
"279","923","109","61","2021-04-14 19:22:54.441"
"280","959","104","21","2021-04-14 19:22:54.442"
"281","936","103","120","2021-04-14 19:22:54.442"
"282","937","103","43","2021-04-14 19:22:54.442"
"283","960","103","168","2021-04-14 19:22:54.442"
"284","967","108","57","2021-04-14 19:22:54.448"
"285","967","108","3","2021-04-14 19:22:54.452"
"286","923","109","10","2021-04-14 19:22:54.453"
"287","975","109","68","2021-04-14 19:22:54.460"
"288","862","111","40","2021-04-14 19:22:54.466"
"289","868","111","23","2021-04-14 19:22:54.466"
"290","975","109","11","2021-04-14 19:22:54.470"
"291","971","108","71","2021-04-14 19:22:54.470"
"292","977","108","22","2021-04-14 19:22:54.470"
"293","970","107","31","2021-04-14 19:22:54.470"
"294","974","107","22","2021-04-14 19:22:54.470"
"295","966","106","36","2021-04-14 19:22:54.470"
"296","965","105","263","2021-04-14 19:22:54.470"
"297","969","105","36","2021-04-14 19:22:54.470"
"298","868","111","10","2021-04-14 19:22:54.476"
"299","820","112","27","2021-04-14 19:22:54.476"
"300","982","112","29","2021-04-14 19:22:54.476"
"301","984","112","40","2021-04-14 19:22:54.476"
"302","993","106","57","2021-04-14 19:22:54.491"
"303","993","106","39","2021-04-14 19:22:54.498"
"304","1000","104","35","2021-04-14 19:22:54.512"
"305","996","103","45","2021-04-14 19:22:54.512"
"306","996","103","23","2021-04-14 19:22:54.515"
"307","1004","103","91","2021-04-14 19:22:54.515"
"308","1017","108","27","2021-04-14 19:22:54.529"
"309","1013","109","26","2021-04-14 19:22:54.529"
"310","1018","109","28","2021-04-14 19:22:54.529"
"311","1010","110","1","2021-04-14 19:22:54.529"
"312","1062","111","58","2021-04-14 19:22:54.610"
"313","1065","110","74","2021-04-14 19:22:54.614"
"314","1065","110","63","2021-04-14 19:22:54.621"
"315","1052","105","32","2021-04-14 19:22:54.625"
"316","1070","105","34","2021-04-14 19:22:54.625"
"317","1046","104","21","2021-04-14 19:22:54.625"
"318","1048","104","20","2021-04-14 19:22:54.625"
"319","1056","104","5","2021-04-14 19:22:54.625"
"320","1098","104","50","2021-04-14 19:22:54.682"
"321","1088","103","12","2021-04-14 19:22:54.682"
"322","1088","103","23","2021-04-14 19:22:54.684"
"323","1092","103","45","2021-04-14 19:22:54.684"
"324","1106","103","78","2021-04-14 19:22:54.692"
"325","1085","108","328","2021-04-14 19:22:54.698"
"326","1076","109","22","2021-04-14 19:22:54.698"
"327","1093","109","147","2021-04-14 19:22:54.698"
"328","1094","109","69","2021-04-14 19:22:54.698"
"329","1095","109","50","2021-04-14 19:22:54.698"
"330","1096","109","21","2021-04-14 19:22:54.698"
"331","1065","110","1185","2021-04-14 19:22:54.698"
"332","1062","111","119","2021-04-14 19:22:54.698"
"333","1063","112","40","2021-04-14 19:22:54.698"
"334","1116","110","53","2021-04-14 19:22:54.715"
"335","1121","111","54","2021-04-14 19:22:54.715"
"336","1128","108","66","2021-04-14 19:22:54.727"
"337","1127","103","33","2021-04-14 19:22:54.732"
"338","1120","102","47","2021-04-14 19:22:54.732"
"339","1124","101","8","2021-04-14 19:22:54.732"
"340","1124","101","21","2021-04-14 19:22:54.734"
"341","1125","101","25","2021-04-14 19:22:54.734"
"342","1128","108","625","2021-04-14 19:22:54.743"
"343","1137","109","26","2021-04-14 19:22:54.743"
"344","1145","110","51","2021-04-14 19:22:54.776"
"345","1163","109","94","2021-04-14 19:22:54.782"
"346","1145","110","56","2021-04-14 19:22:54.795"
"347","1152","111","69","2021-04-14 19:22:54.806"
"348","1152","111","10","2021-04-14 19:22:54.827"
"349","1153","111","88","2021-04-14 19:22:54.827"
"350","1184","107","21","2021-04-14 19:22:54.841"
"351","1175","106","33","2021-04-14 19:22:54.842"
"352","1197","107","32","2021-04-14 19:22:54.848"
"353","1175","106","41","2021-04-14 19:22:54.848"
"354","1175","106","59","2021-04-14 19:22:54.870"
"355","1213","111","20","2021-04-14 19:22:54.889"
"356","1196","112","220","2021-04-14 19:22:54.889"
"357","1200","112","50","2021-04-14 19:22:54.889"
"358","1209","113","76","2021-04-14 19:22:54.889"
"359","1224","116","27","2021-04-14 19:22:54.894"
"360","1253","106","55","2021-04-14 19:22:54.948"
"361","1256","106","23","2021-04-14 19:22:54.950"
"362","1247","107","22","2021-04-14 19:22:54.951"
"363","1251","108","16","2021-04-14 19:22:54.951"
"364","1270","106","20","2021-04-14 19:22:54.995"
"365","1210","105","30","2021-04-14 19:22:54.995"
"366","1289","113","52","2021-04-14 19:22:55.012"
"367","1309","104","23","2021-04-14 19:22:55.044"
"368","1307","103","29","2021-04-14 19:22:55.044"
"369","1333","102","33","2021-04-14 19:22:55.085"
"370","1326","111","41","2021-04-14 19:22:55.092"
"371","1289","113","145","2021-04-14 19:22:55.092"
"372","1289","113","112","2021-04-14 19:22:55.094"
"373","1341","103","54","2021-04-14 19:22:55.100"
"374","1337","102","3","2021-04-14 19:22:55.100"
"375","1337","102","30","2021-04-14 19:22:55.103"
"376","1335","101","37","2021-04-14 19:22:55.103"
"377","1349","112","122","2021-04-14 19:22:55.113"
"378","1289","113","88","2021-04-14 19:22:55.113"
"379","1344","114","43","2021-04-14 19:22:55.113"
"380","1364","110","46","2021-04-14 19:22:55.133"
"381","1360","109","8","2021-04-14 19:22:55.133"
"382","1366","113","75","2021-04-14 19:22:55.144"
"383","1389","109","51","2021-04-14 19:22:55.179"
"384","1384","108","25","2021-04-14 19:22:55.180"
"385","1348","107","25","2021-04-14 19:22:55.180"
"386","1358","107","650","2021-04-14 19:22:55.180"
"387","1401","110","85","2021-04-14 19:22:55.205"
"388","1401","110","133","2021-04-14 19:22:55.217"
"389","1394","111","14","2021-04-14 19:22:55.217"
"390","1394","111","43","2021-04-14 19:22:55.218"
"391","1403","111","25","2021-04-14 19:22:55.218"
"392","1398","112","23","2021-04-14 19:22:55.218"
"393","1367","113","25","2021-04-14 19:22:55.218"
"394","1383","114","29","2021-04-14 19:22:55.218"
"395","1413","116","108","2021-04-14 19:22:55.227"
"396","1406","108","26","2021-04-14 19:22:55.256"
"397","1424","107","61","2021-04-14 19:22:55.256"
"398","1443","110","65","2021-04-14 19:22:55.281"
"399","1447","109","32","2021-04-14 19:22:55.282"
"400","1445","108","18","2021-04-14 19:22:55.283"
"401","1470","108","37","2021-04-14 19:22:55.327"
"402","1466","109","24","2021-04-14 19:22:55.327"
"403","1457","110","25","2021-04-14 19:22:55.327"
"404","1439","111","82","2021-04-14 19:22:55.327"
"405","1440","111","121","2021-04-14 19:22:55.327"
"406","1474","104","64","2021-04-14 19:22:55.330"
"407","1476","110","57","2021-04-14 19:22:55.337"
"408","1440","111","275","2021-04-14 19:22:55.337"
"409","1474","104","5","2021-04-14 19:22:55.344"
"410","1494","104","49","2021-04-14 19:22:55.367"
"411","1484","103","169","2021-04-14 19:22:55.367"
"412","1500","105","25","2021-04-14 19:22:55.377"
"413","1510","109","24","2021-04-14 19:22:55.393"
"414","1509","108","22","2021-04-14 19:22:55.394"
"415","1515","108","102","2021-04-14 19:22:55.395"
"416","1511","107","24","2021-04-14 19:22:55.397"
"417","1511","107","8","2021-04-14 19:22:55.398"
"418","1512","107","25","2021-04-14 19:22:55.398"
"419","1512","107","6","2021-04-14 19:22:55.400"
"420","1513","107","76","2021-04-14 19:22:55.400"
"421","1524","108","25","2021-04-14 19:22:55.422"
"422","1510","109","41","2021-04-14 19:22:55.422"
"423","1488","110","46","2021-04-14 19:22:55.422"
"424","1523","110","23","2021-04-14 19:22:55.422"
"425","1464","111","33","2021-04-14 19:22:55.422"
"426","1503","111","28","2021-04-14 19:22:55.422"
"427","1432","112","22","2021-04-14 19:22:55.422"
"428","1442","112","40","2021-04-14 19:22:55.422"
"429","1482","112","48","2021-04-14 19:22:55.422"
"430","1546","108","111","2021-04-14 19:22:55.452"
"431","1558","112","33","2021-04-14 19:22:55.476"
"432","1560","112","30","2021-04-14 19:22:55.476"
"433","1557","111","109","2021-04-14 19:22:55.476"
"434","1556","110","22","2021-04-14 19:22:55.476"
"435","1551","109","73","2021-04-14 19:22:55.476"
"436","1550","108","33","2021-04-14 19:22:55.476"
"437","1538","107","43","2021-04-14 19:22:55.476"
"438","1549","106","160","2021-04-14 19:22:55.476"
"439","1534","105","44","2021-04-14 19:22:55.476"
"440","1533","103","34","2021-04-14 19:22:55.476"
"441","1563","118","27","2021-04-14 19:22:55.482"
"442","1565","119","39","2021-04-14 19:22:55.482"
"443","1568","116","32","2021-04-14 19:22:55.489"
"444","1573","118","192","2021-04-14 19:22:55.492"
"445","1585","117","77","2021-04-14 19:22:55.509"
"446","1580","116","74","2021-04-14 19:22:55.509"
"447","1580","116","10","2021-04-14 19:22:55.510"
"448","1582","115","26","2021-04-14 19:22:55.510"
"449","1583","115","21","2021-04-14 19:22:55.510"
"450","1609","117","52","2021-04-14 19:22:55.542"
"451","1605","118","32","2021-04-14 19:22:55.542"
"452","1625","114","50","2021-04-14 19:22:55.557"
"453","1620","113","42","2021-04-14 19:22:55.557"
"454","1602","112","44","2021-04-14 19:22:55.557"
"455","1633","114","103","2021-04-14 19:22:55.578"
"456","1650","115","36","2021-04-14 19:22:55.605"
"457","1633","114","166","2021-04-14 19:22:55.605"
"458","1651","114","31","2021-04-14 19:22:55.605"
"459","1632","113","51","2021-04-14 19:22:55.605"
"460","1638","113","25","2021-04-14 19:22:55.605"
"461","1641","113","31","2021-04-14 19:22:55.605"
"462","1646","113","39","2021-04-14 19:22:55.605"
"463","1602","112","6","2021-04-14 19:22:55.605"
"464","1622","112","41","2021-04-14 19:22:55.605"
"465","1613","111","68","2021-04-14 19:22:55.605"
"466","1630","111","29","2021-04-14 19:22:55.605"
"467","1631","111","58","2021-04-14 19:22:55.605"
"468","1667","114","54","2021-04-14 19:22:55.619"
"469","1663","113","9","2021-04-14 19:22:55.619"
"470","1663","113","32","2021-04-14 19:22:55.623"
"471","1668","113","27","2021-04-14 19:22:55.623"
"472","1661","112","92","2021-04-14 19:22:55.623"
"473","1665","112","23","2021-04-14 19:22:55.623"
"474","1648","119","76","2021-04-14 19:22:55.624"
"475","1664","119","34","2021-04-14 19:22:55.624"
"476","1649","120","48","2021-04-14 19:22:55.624"
"477","1658","120","48","2021-04-14 19:22:55.624"
"478","1679","112","68","2021-04-14 19:22:55.633"
"479","1647","121","20","2021-04-14 19:22:55.634"
"480","1691","122","27","2021-04-14 19:22:55.654"
"481","1687","121","25","2021-04-14 19:22:55.654"
"482","1692","121","158","2021-04-14 19:22:55.654"
"483","1692","121","74","2021-04-14 19:22:55.657"
"484","1684","120","25","2021-04-14 19:22:55.657"
"485","1685","119","25","2021-04-14 19:22:55.657"
"486","1697","120","46","2021-04-14 19:22:55.660"
"487","1685","119","74","2021-04-14 19:22:55.660"
"488","1708","122","232","2021-04-14 19:22:55.689"
"489","1707","121","54","2021-04-14 19:22:55.689"
"490","1710","121","24","2021-04-14 19:22:55.689"
"491","1713","121","42","2021-04-14 19:22:55.689"
"492","1686","127","257","2021-04-14 19:22:55.690"
"493","1720","125","21","2021-04-14 19:22:55.704"
"494","1719","126","23","2021-04-14 19:22:55.704"
"495","1733","122","56","2021-04-14 19:22:55.719"
"496","1713","121","6","2021-04-14 19:22:55.719"
"497","1714","121","21","2021-04-14 19:22:55.719"
"498","1723","120","22","2021-04-14 19:22:55.719"
"499","1741","128","63","2021-04-14 19:22:55.739"
"500","1737","127","10","2021-04-14 19:22:55.739"
"501","1750","130","26","2021-04-14 19:22:55.749"
"502","1738","132","33","2021-04-14 19:22:55.749"
"503","1738","132","15","2021-04-14 19:22:55.751"
"504","1749","132","35","2021-04-14 19:22:55.751"
"505","1752","128","125","2021-04-14 19:22:55.754"
"506","1737","127","14","2021-04-14 19:22:55.755"
"507","1744","127","121","2021-04-14 19:22:55.755"
"508","1739","126","13","2021-04-14 19:22:55.755"
"509","1765","129","80","2021-04-14 19:22:55.768"
"510","1765","129","87","2021-04-14 19:22:55.790"
"511","1759","128","23","2021-04-14 19:22:55.792"
"512","1774","128","44","2021-04-14 19:22:55.792"
"513","1757","127","21","2021-04-14 19:22:55.792"
"514","1762","127","31","2021-04-14 19:22:55.792"
"515","1764","127","33","2021-04-14 19:22:55.792"
"516","1739","126","53","2021-04-14 19:22:55.792"
"517","1740","126","28","2021-04-14 19:22:55.792"
"518","1758","126","23","2021-04-14 19:22:55.792"
"519","1791","127","53","2021-04-14 19:22:55.816"
"520","1807","120","70","2021-04-14 19:22:55.840"
"521","1807","120","170","2021-04-14 19:22:55.849"
"522","1809","119","35","2021-04-14 19:22:55.849"
"523","1800","126","54","2021-04-14 19:22:55.858"
"524","1795","127","49","2021-04-14 19:22:55.858"
"525","1802","127","33","2021-04-14 19:22:55.858"
"526","1806","127","26","2021-04-14 19:22:55.858"
"527","1778","129","34","2021-04-14 19:22:55.858"
"528","1786","129","25","2021-04-14 19:22:55.858"
"529","1776","130","35","2021-04-14 19:22:55.858"
"530","1772","131","36","2021-04-14 19:22:55.858"
"531","1771","132","54","2021-04-14 19:22:55.858"
"532","1761","133","36","2021-04-14 19:22:55.858"
"533","1845","129","28","2021-04-14 19:22:55.910"
"534","1849","128","24","2021-04-14 19:22:55.921"
"535","1859","128","33","2021-04-14 19:22:55.922"
"536","1847","127","25","2021-04-14 19:22:55.924"
"537","1853","127","26","2021-04-14 19:22:55.924"
"538","1859","128","14","2021-04-14 19:22:55.931"
"539","1861","129","23","2021-04-14 19:22:55.941"
"540","1866","128","20","2021-04-14 19:22:55.942"
"541","1871","128","57","2021-04-14 19:22:55.944"
"542","1853","127","11","2021-04-14 19:22:55.945"
"543","1827","126","52","2021-04-14 19:22:55.945"
"544","1863","126","58","2021-04-14 19:22:55.945"
"545","1878","128","135","2021-04-14 19:22:55.956"
"546","1861","129","39","2021-04-14 19:22:55.966"
"547","1838","130","13","2021-04-14 19:22:55.966"
"548","1883","128","23","2021-04-14 19:22:55.971"
"549","1875","127","76","2021-04-14 19:22:55.971"
"550","1838","130","58","2021-04-14 19:22:55.973"
"551","1875","127","71","2021-04-14 19:22:55.983"
"552","1893","126","25","2021-04-14 19:22:55.986"
"553","1905","125","48","2021-04-14 19:22:56.002"
"554","1901","129","60","2021-04-14 19:22:56.006"
"555","1838","130","2","2021-04-14 19:22:56.039"
"556","1902","130","192","2021-04-14 19:22:56.039"
"557","1908","130","28","2021-04-14 19:22:56.039"
"558","1924","131","69","2021-04-14 19:22:56.039"
"559","1927","133","21","2021-04-14 19:22:56.042"
"560","1930","133","82","2021-04-14 19:22:56.053"
"561","1954","128","38","2021-04-14 19:22:56.088"
"562","1942","127","21","2021-04-14 19:22:56.088"
"563","1956","128","23","2021-04-14 19:22:56.090"
"564","1942","127","92","2021-04-14 19:22:56.090"
"565","1907","126","21","2021-04-14 19:22:56.090"
"566","1944","126","23","2021-04-14 19:22:56.090"
"567","1947","126","7","2021-04-14 19:22:56.090"
"568","1976","130","43","2021-04-14 19:22:56.129"
"569","1973","129","13","2021-04-14 19:22:56.129"
"570","1973","129","27","2021-04-14 19:22:56.140"
"571","1962","128","23","2021-04-14 19:22:56.144"
"572","1985","129","35","2021-04-14 19:22:56.152"
"573","1985","129","37","2021-04-14 19:22:56.165"
"574","1982","130","33","2021-04-14 19:22:56.165"
"575","1989","130","25","2021-04-14 19:22:56.165"
"576","1983","131","28","2021-04-14 19:22:56.165"
"577","1997","128","25","2021-04-14 19:22:56.167"
"578","1961","127","27","2021-04-14 19:22:56.167"
"579","1972","127","142","2021-04-14 19:22:56.167"
"580","1949","126","18","2021-04-14 19:22:56.167"
"581","2023","127","42","2021-04-14 19:22:56.211"
"582","2014","128","31","2021-04-14 19:22:56.211"
"583","2002","129","75","2021-04-14 19:22:56.211"
"584","2017","129","28","2021-04-14 19:22:56.211"
"585","2020","129","20","2021-04-14 19:22:56.211"
"586","2022","129","21","2021-04-14 19:22:56.211"
"587","2011","130","17","2021-04-14 19:22:56.211"
"588","2012","120","23","2021-04-14 19:22:56.228"
"589","2030","119","49","2021-04-14 19:22:56.228"
"590","2031","119","50","2021-04-14 19:22:56.228"
"591","2041","132","53","2021-04-14 19:22:56.253"
"592","2041","132","51","2021-04-14 19:22:56.254"
"593","2041","132","62","2021-04-14 19:22:56.257"
"594","2045","130","20","2021-04-14 19:22:56.261"
"595","2044","129","50","2021-04-14 19:22:56.261"
"596","2044","129","2","2021-04-14 19:22:56.265"
"597","2041","132","17","2021-04-14 19:22:56.282"
"598","2064","130","357","2021-04-14 19:22:56.284"
"599","2077","131","40","2021-04-14 19:22:56.300"
"600","2078","130","31","2021-04-14 19:22:56.300"
"601","2086","131","24","2021-04-14 19:22:56.310"
"602","2082","130","30","2021-04-14 19:22:56.310"
"603","2092","131","20","2021-04-14 19:22:56.318"
"604","2100","130","61","2021-04-14 19:22:56.337"
"605","2100","130","6","2021-04-14 19:22:56.343"
"606","2083","129","26","2021-04-14 19:22:56.343"
"607","2085","129","25","2021-04-14 19:22:56.343"
"608","2106","131","86","2021-04-14 19:22:56.346"
"609","2116","126","21","2021-04-14 19:22:56.366"
"610","2118","125","38","2021-04-14 19:22:56.366"
"611","2119","125","34","2021-04-14 19:22:56.366"
"612","2122","126","63","2021-04-14 19:22:56.401"
"613","2119","125","5","2021-04-14 19:22:56.412"
"614","2133","125","94","2021-04-14 19:22:56.412"
"615","2139","125","85","2021-04-14 19:22:56.412"
"616","2154","120","34","2021-04-14 19:22:56.435"
"617","2155","120","21","2021-04-14 19:22:56.435"
"618","2156","120","24","2021-04-14 19:22:56.435"
"619","2174","124","37","2021-04-14 19:22:56.463"
"620","2168","125","42","2021-04-14 19:22:56.463"
"621","2172","125","13","2021-04-14 19:22:56.463"
"622","2170","116","28","2021-04-14 19:22:56.474"
"623","2196","125","99","2021-04-14 19:22:56.538"
"624","2196","125","58","2021-04-14 19:22:56.553"
"625","2196","125","16","2021-04-14 19:22:56.554"
"626","2198","125","43","2021-04-14 19:22:56.554"
"627","2251","121","28","2021-04-14 19:22:56.632"
"628","2251","121","6","2021-04-14 19:22:56.637"
"629","2247","122","54","2021-04-14 19:22:56.641"
"630","2247","122","48","2021-04-14 19:22:56.653"
"631","2247","122","134","2021-04-14 19:22:56.654"
"632","2274","123","28","2021-04-14 19:22:56.678"
"633","2270","124","74","2021-04-14 19:22:56.679"
"634","2271","124","21","2021-04-14 19:22:56.679"
"635","2272","124","5","2021-04-14 19:22:56.679"
"636","2276","123","21","2021-04-14 19:22:56.685"
"637","2272","124","16","2021-04-14 19:22:56.685"
"638","2229","125","99","2021-04-14 19:22:56.685"
"639","2214","126","21","2021-04-14 19:22:56.685"
"640","2258","121","42","2021-04-14 19:22:56.686"
"641","2237","120","25","2021-04-14 19:22:56.686"
"642","2239","120","27","2021-04-14 19:22:56.686"
"643","2284","125","23","2021-04-14 19:22:56.701"
"644","2214","126","41","2021-04-14 19:22:56.701"
"645","2280","121","28","2021-04-14 19:22:56.703"
"646","2260","120","24","2021-04-14 19:22:56.703"
"647","2286","120","17","2021-04-14 19:22:56.703"
"648","2286","120","68","2021-04-14 19:22:56.704"
"649","2294","116","54","2021-04-14 19:22:56.718"
"650","2299","124","46","2021-04-14 19:22:56.723"
"651","2290","125","41","2021-04-14 19:22:56.724"
"652","2214","126","10","2021-04-14 19:22:56.724"
"653","2300","124","57","2021-04-14 19:22:56.729"
"654","2214","126","70","2021-04-14 19:22:56.737"
"655","2217","126","23","2021-04-14 19:22:56.741"
"656","2217","126","16","2021-04-14 19:22:56.745"
"657","2283","127","25","2021-04-14 19:22:56.747"
"658","2307","127","19","2021-04-14 19:22:56.747"
"659","2312","126","56","2021-04-14 19:22:56.756"
"660","2307","127","46","2021-04-14 19:22:56.759"
"661","2307","127","233","2021-04-14 19:22:56.763"
"662","2304","125","24","2021-04-14 19:22:56.768"
"663","2314","125","29","2021-04-14 19:22:56.768"
"664","2316","125","9","2021-04-14 19:22:56.768"
"665","2307","127","110","2021-04-14 19:22:56.774"
"666","2330","125","71","2021-04-14 19:22:56.781"
"667","2329","126","21","2021-04-14 19:22:56.781"
"668","2307","127","263","2021-04-14 19:22:56.781"
"669","2319","128","27","2021-04-14 19:22:56.781"
"670","2326","128","26","2021-04-14 19:22:56.781"
"671","2162","129","29","2021-04-14 19:22:56.781"
"672","2164","129","87","2021-04-14 19:22:56.781"
"673","2341","125","84","2021-04-14 19:22:56.801"
"674","2343","116","30","2021-04-14 19:22:56.807"
"675","2347","117","21","2021-04-14 19:22:56.821"
"676","2359","119","56","2021-04-14 19:22:56.840"
"677","2363","114","21","2021-04-14 19:22:56.842"
"678","2366","113","44","2021-04-14 19:22:56.842"
"679","2367","113","121","2021-04-14 19:22:56.842"
"680","2359","119","75","2021-04-14 19:22:56.858"
"681","2364","119","103","2021-04-14 19:22:56.878"
"682","2365","119","30","2021-04-14 19:22:56.878"
"683","2365","119","95","2021-04-14 19:22:56.880"
"684","2365","119","103","2021-04-14 19:22:56.881"
"685","2403","116","40","2021-04-14 19:22:56.898"
"686","2404","115","26","2021-04-14 19:22:56.898"
"687","2400","117","99","2021-04-14 19:22:56.901"
"688","2409","113","68","2021-04-14 19:22:56.904"
"689","2400","117","75","2021-04-14 19:22:56.908"
"690","2417","116","27","2021-04-14 19:22:56.953"
"691","2424","117","198","2021-04-14 19:22:56.953"
"692","2427","117","68","2021-04-14 19:22:56.953"
"693","2432","117","79","2021-04-14 19:22:56.953"
"694","2439","116","54","2021-04-14 19:22:56.971"
"695","2432","117","115","2021-04-14 19:22:56.971"
"696","2441","117","31","2021-04-14 19:22:56.971"
"697","2428","111","91","2021-04-14 19:22:56.972"
"698","2429","111","4","2021-04-14 19:22:56.972"
"699","2450","117","41","2021-04-14 19:22:56.993"
"700","2407","118","21","2021-04-14 19:22:56.993"
"701","2414","118","34","2021-04-14 19:22:56.993"
"702","2453","118","118","2021-04-14 19:22:56.993"
"703","2398","119","26","2021-04-14 19:22:56.993"
"704","2377","120","37","2021-04-14 19:22:56.993"
"705","2388","120","156","2021-04-14 19:22:56.993"
"706","2391","120","580","2021-04-14 19:22:56.993"
"707","2429","111","154","2021-04-14 19:22:57.018"
"708","2480","117","89","2021-04-14 19:22:57.031"
"709","2483","121","28","2021-04-14 19:22:57.045"
"710","2494","114","95","2021-04-14 19:22:57.061"
"711","2497","122","124","2021-04-14 19:22:57.068"
"712","2504","122","74","2021-04-14 19:22:57.101"
"713","2505","123","325","2021-04-14 19:22:57.101"
"714","2511","123","112","2021-04-14 19:22:57.101"
"715","2514","123","32","2021-04-14 19:22:57.101"
"716","2518","123","643","2021-04-14 19:22:57.101"
"717","2537","116","44","2021-04-14 19:22:57.145"
"718","2533","117","14","2021-04-14 19:22:57.145"
"719","2543","116","48","2021-04-14 19:22:57.160"
"720","2533","117","13","2021-04-14 19:22:57.160"
"721","2538","117","28","2021-04-14 19:22:57.160"
"722","2550","116","39","2021-04-14 19:22:57.164"
"723","2538","117","9","2021-04-14 19:22:57.164"
"724","2541","117","45","2021-04-14 19:22:57.164"
"725","2549","118","20","2021-04-14 19:22:57.164"
"726","2523","121","43","2021-04-14 19:22:57.164"
"727","2521","122","67","2021-04-14 19:22:57.164"
"728","2518","123","70","2021-04-14 19:22:57.164"
"729","2556","115","23","2021-04-14 19:22:57.174"
"730","2555","116","41","2021-04-14 19:22:57.174"
"731","2554","114","30","2021-04-14 19:22:57.175"
"732","2503","113","29","2021-04-14 19:22:57.175"
"733","2478","112","9","2021-04-14 19:22:57.175"
"734","2575","114","24","2021-04-14 19:22:57.204"
"735","2574","113","52","2021-04-14 19:22:57.205"
"736","2574","113","5","2021-04-14 19:22:57.206"
"737","2578","113","75","2021-04-14 19:22:57.211"
"738","2553","112","40","2021-04-14 19:22:57.217"
"739","2578","113","138","2021-04-14 19:22:57.218"
"740","2553","112","19","2021-04-14 19:22:57.221"
"741","2592","112","26","2021-04-14 19:22:57.231"
"742","2578","113","22","2021-04-14 19:22:57.232"
"743","2593","112","89","2021-04-14 19:22:57.234"
"744","2578","113","245","2021-04-14 19:22:57.236"
"745","2593","112","48","2021-04-14 19:22:57.238"
"746","2588","113","47","2021-04-14 19:22:57.248"
"747","2602","112","52","2021-04-14 19:22:57.252"
"748","2569","111","40","2021-04-14 19:22:57.252"
"749","2570","111","36","2021-04-14 19:22:57.252"
"750","2596","111","32","2021-04-14 19:22:57.252"
"751","2589","110","6","2021-04-14 19:22:57.252"
"752","2607","111","23","2021-04-14 19:22:57.263"
"753","2611","110","155","2021-04-14 19:22:57.263"
"754","2608","115","56","2021-04-14 19:22:57.265"
"755","2611","110","59","2021-04-14 19:22:57.266"
"756","2620","111","20","2021-04-14 19:22:57.278"
"757","2619","112","34","2021-04-14 19:22:57.278"
"758","2616","113","2","2021-04-14 19:22:57.278"
"759","2628","112","47","2021-04-14 19:22:57.291"
"760","2616","113","25","2021-04-14 19:22:57.291"
"761","2631","113","7","2021-04-14 19:22:57.291"
"762","2633","111","51","2021-04-14 19:22:57.307"
"763","2644","107","28","2021-04-14 19:22:57.310"
"764","2651","110","49","2021-04-14 19:22:57.322"
"765","2641","113","30","2021-04-14 19:22:57.330"
"766","2660","111","52","2021-04-14 19:22:57.341"
"767","2692","110","55","2021-04-14 19:22:57.401"
"768","2692","110","78","2021-04-14 19:22:57.406"
"769","2691","107","21","2021-04-14 19:22:57.409"
"770","2657","106","24","2021-04-14 19:22:57.409"
"771","2693","106","10","2021-04-14 19:22:57.409"
"772","2701","108","55","2021-04-14 19:22:57.413"
"773","2704","107","43","2021-04-14 19:22:57.415"
"774","2693","106","17","2021-04-14 19:22:57.420"
"775","2702","105","21","2021-04-14 19:22:57.428"
"776","2702","105","7","2021-04-14 19:22:57.430"
"777","2712","105","46","2021-04-14 19:22:57.431"
"778","2712","105","52","2021-04-14 19:22:57.433"
"779","2712","105","2","2021-04-14 19:22:57.437"
"780","2707","106","115","2021-04-14 19:22:57.437"
"781","2704","107","2","2021-04-14 19:22:57.437"
"782","2718","106","25","2021-04-14 19:22:57.440"
"783","2719","106","32","2021-04-14 19:22:57.443"
"784","2719","106","49","2021-04-14 19:22:57.444"
"785","2719","106","63","2021-04-14 19:22:57.447"
"786","2720","105","51","2021-04-14 19:22:57.450"
"787","2726","105","30","2021-04-14 19:22:57.454"
"788","2719","106","58","2021-04-14 19:22:57.454"
"789","2733","104","208","2021-04-14 19:22:57.465"
"790","2731","103","176","2021-04-14 19:22:57.468"
"791","2735","103","94","2021-04-14 19:22:57.468"
"792","2741","102","21","2021-04-14 19:22:57.485"
"793","2749","102","25","2021-04-14 19:22:57.486"
"794","2761","96","66","2021-04-14 19:22:57.528"
"795","2781","96","25","2021-04-14 19:22:57.558"
"796","2801","95","181","2021-04-14 19:22:57.599"
"797","2793","100","27","2021-04-14 19:22:57.604"
"798","2798","100","25","2021-04-14 19:22:57.604"
"799","2791","101","32","2021-04-14 19:22:57.604"
"800","2792","102","27","2021-04-14 19:22:57.604"
"801","2792","102","17","2021-04-14 19:22:57.606"
"802","2754","103","22","2021-04-14 19:22:57.606"
"803","2757","103","68","2021-04-14 19:22:57.606"
"804","2764","103","20","2021-04-14 19:22:57.606"
"805","2764","103","72","2021-04-14 19:22:57.607"
"806","2768","103","21","2021-04-14 19:22:57.607"
"807","2826","102","22","2021-04-14 19:22:57.640"
"808","2824","101","26","2021-04-14 19:22:57.645"
"809","2830","101","94","2021-04-14 19:22:57.646"
"810","2830","101","74","2021-04-14 19:22:57.649"
"811","2818","100","70","2021-04-14 19:22:57.651"
"812","2839","101","21","2021-04-14 19:22:57.665"
"813","2828","102","31","2021-04-14 19:22:57.665"
"814","2844","101","30","2021-04-14 19:22:57.672"
"815","2840","100","44","2021-04-14 19:22:57.674"
"816","2832","99","74","2021-04-14 19:22:57.674"
"817","2852","100","26","2021-04-14 19:22:57.690"
"818","2853","101","33","2021-04-14 19:22:57.695"
"819","2828","102","5","2021-04-14 19:22:57.695"
"820","2768","103","29","2021-04-14 19:22:57.695"
"821","2777","103","5","2021-04-14 19:22:57.695"
"822","2855","99","37","2021-04-14 19:22:57.704"
"823","2865","102","33","2021-04-14 19:22:57.721"
"824","2865","102","6","2021-04-14 19:22:57.728"
"825","2873","102","37","2021-04-14 19:22:57.730"
"826","2863","101","20","2021-04-14 19:22:57.734"
"827","2863","101","1","2021-04-14 19:22:57.735"
"828","2890","98","21","2021-04-14 19:22:57.760"
"829","2888","99","49","2021-04-14 19:22:57.760"
"830","2904","98","92","2021-04-14 19:22:57.788"
"831","2901","99","39","2021-04-14 19:22:57.788"
"832","2883","100","29","2021-04-14 19:22:57.803"
"833","2895","100","28","2021-04-14 19:22:57.803"
"834","2909","95","116","2021-04-14 19:22:57.824"
"835","2926","100","30","2021-04-14 19:22:57.844"
"836","2880","101","673","2021-04-14 19:22:57.844"
"837","2885","101","192","2021-04-14 19:22:57.844"
"838","2911","101","33","2021-04-14 19:22:57.844"
"839","2842","103","35","2021-04-14 19:22:57.844"
"840","2949","101","29","2021-04-14 19:22:57.886"
"841","2945","100","27","2021-04-14 19:22:57.886"
"842","2951","100","12","2021-04-14 19:22:57.886"
"843","2952","103","22","2021-04-14 19:22:57.898"
"844","2931","104","23","2021-04-14 19:22:57.898"
"845","2954","104","59","2021-04-14 19:22:57.898"
"846","2958","104","38","2021-04-14 19:22:57.898"
"847","2948","105","20","2021-04-14 19:22:57.898"
"848","2950","105","68","2021-04-14 19:22:57.898"
"849","2966","106","24","2021-04-14 19:22:57.914"
"850","2965","108","45","2021-04-14 19:22:57.914"
"851","2973","107","128","2021-04-14 19:22:57.926"
"852","2965","108","96","2021-04-14 19:22:57.926"
"853","2981","108","391","2021-04-14 19:22:57.942"
"854","2979","105","21","2021-04-14 19:22:57.948"
"855","2972","104","40","2021-04-14 19:22:57.948"
"856","2968","103","12","2021-04-14 19:22:57.948"
"857","2981","108","23","2021-04-14 19:22:57.959"
"858","2977","109","21","2021-04-14 19:22:57.959"
"859","2999","104","36","2021-04-14 19:22:57.992"
"860","3001","105","39","2021-04-14 19:22:57.992"
"861","3002","105","32","2021-04-14 19:22:57.992"
"862","3010","101","28","2021-04-14 19:22:58.000"
"863","2951","100","29","2021-04-14 19:22:58.000"
"864","2989","100","23","2021-04-14 19:22:58.000"
"865","2994","100","22","2021-04-14 19:22:58.000"
"866","2996","100","53","2021-04-14 19:22:58.000"
"867","3000","100","22","2021-04-14 19:22:58.000"
"868","2940","99","55","2021-04-14 19:22:58.000"
"869","2955","99","32","2021-04-14 19:22:58.000"
"870","3005","99","24","2021-04-14 19:22:58.000"
"871","2934","98","63","2021-04-14 19:22:58.000"
"872","2941","98","14","2021-04-14 19:22:58.000"
"873","2941","98","6","2021-04-14 19:22:58.004"
"874","2937","97","25","2021-04-14 19:22:58.004"
"875","2933","96","21","2021-04-14 19:22:58.004"
"876","2923","95","28","2021-04-14 19:22:58.004"
"877","2918","94","30","2021-04-14 19:22:58.004"
"878","3009","106","65","2021-04-14 19:22:58.061"
"879","3016","106","22","2021-04-14 19:22:58.061"
"880","3017","106","56","2021-04-14 19:22:58.061"
"881","3020","107","22","2021-04-14 19:22:58.061"
"882","3026","99","42","2021-04-14 19:22:58.065"
"883","3022","98","9","2021-04-14 19:22:58.065"
"884","3022","98","11","2021-04-14 19:22:58.081"
"885","3021","97","140","2021-04-14 19:22:58.081"
"886","3029","97","96","2021-04-14 19:22:58.081"
"887","3038","99","52","2021-04-14 19:22:58.090"
"888","3044","100","33","2021-04-14 19:22:58.097"
"889","3058","105","26","2021-04-14 19:22:58.115"
"890","3059","105","3","2021-04-14 19:22:58.118"
"891","3056","104","21","2021-04-14 19:22:58.118"
"892","3054","103","24","2021-04-14 19:22:58.118"
"893","3057","103","28","2021-04-14 19:22:58.118"
"894","3052","101","24","2021-04-14 19:22:58.118"
"895","3068","105","48","2021-04-14 19:22:58.131"
"896","3063","104","29","2021-04-14 19:22:58.131"
"897","3062","107","51","2021-04-14 19:22:58.142"
"898","3072","107","24","2021-04-14 19:22:58.169"
"899","3076","107","3","2021-04-14 19:22:58.169"
"900","3087","106","28","2021-04-14 19:22:58.171"
"901","3080","105","30","2021-04-14 19:22:58.171"
"902","3086","104","27","2021-04-14 19:22:58.171"
"903","3076","107","98","2021-04-14 19:22:58.172"
"904","3097","97","131","2021-04-14 19:22:58.177"
"905","3097","97","63","2021-04-14 19:22:58.179"
"906","3096","107","35","2021-04-14 19:22:58.181"
"907","3097","97","145","2021-04-14 19:22:58.188"
"908","3097","97","53","2021-04-14 19:22:58.190"
"909","3097","97","184","2021-04-14 19:22:58.192"
"910","3097","97","201","2021-04-14 19:22:58.212"
"911","3111","96","28","2021-04-14 19:22:58.212"
"912","3128","108","32","2021-04-14 19:22:58.234"
"913","3131","109","25","2021-04-14 19:22:58.234"
"914","3138","100","53","2021-04-14 19:22:58.249"
"915","3143","99","62","2021-04-14 19:22:58.251"
"916","3141","98","33","2021-04-14 19:22:58.251"
"917","3129","97","157","2021-04-14 19:22:58.251"
"918","3152","98","26","2021-04-14 19:22:58.268"
"919","3150","99","36","2021-04-14 19:22:58.268"
"920","3148","97","28","2021-04-14 19:22:58.277"
"921","3148","97","76","2021-04-14 19:22:58.279"
"922","3163","97","37","2021-04-14 19:22:58.289"
"923","3154","98","24","2021-04-14 19:22:58.289"
"924","3150","99","33","2021-04-14 19:22:58.289"
"925","3165","98","38","2021-04-14 19:22:58.296"
"926","3150","99","150","2021-04-14 19:22:58.296"
"927","3174","97","81","2021-04-14 19:22:58.312"
"928","3174","97","163","2021-04-14 19:22:58.317"
"929","3174","97","16","2021-04-14 19:22:58.318"
"930","3181","97","4","2021-04-14 19:22:58.325"
"931","3137","96","53","2021-04-14 19:22:58.327"
"932","3137","96","5","2021-04-14 19:22:58.329"
"933","3151","96","68","2021-04-14 19:22:58.329"
"934","3170","95","44","2021-04-14 19:22:58.331"
"935","3179","95","26","2021-04-14 19:22:58.331"
"936","3191","87","46","2021-04-14 19:22:58.346"
"937","3203","85","28","2021-04-14 19:22:58.360"
"938","3202","84","42","2021-04-14 19:22:58.360"
"939","3204","84","37","2021-04-14 19:22:58.360"
"940","3211","85","24","2021-04-14 19:22:58.377"
"941","3204","84","2","2021-04-14 19:22:58.377"
"942","3206","84","22","2021-04-14 19:22:58.377"
"943","3198","95","35","2021-04-14 19:22:58.391"
"944","3198","95","27","2021-04-14 19:22:58.393"
"945","3231","93","132","2021-04-14 19:22:58.426"
"946","3237","95","26","2021-04-14 19:22:58.435"
"947","3227","96","32","2021-04-14 19:22:58.435"
"948","3184","97","26","2021-04-14 19:22:58.435"
"949","3178","98","47","2021-04-14 19:22:58.435"
"950","3247","102","27","2021-04-14 19:22:58.441"
"951","3262","96","25","2021-04-14 19:22:58.467"
"952","3258","95","27","2021-04-14 19:22:58.467"
"953","3256","94","21","2021-04-14 19:22:58.467"
"954","3260","94","25","2021-04-14 19:22:58.467"
"955","3231","93","183","2021-04-14 19:22:58.467"
"956","3270","96","21","2021-04-14 19:22:58.476"
"957","3267","97","35","2021-04-14 19:22:58.476"
"958","3268","98","46","2021-04-14 19:22:58.476"
"959","3268","98","48","2021-04-14 19:22:58.481"
"960","3268","98","65","2021-04-14 19:22:58.484"
"961","3268","98","27","2021-04-14 19:22:58.486"
"962","3296","103","866","2021-04-14 19:22:58.526"
"963","3275","97","33","2021-04-14 19:22:58.533"
"964","3274","96","31","2021-04-14 19:22:58.533"
"965","3273","95","22","2021-04-14 19:22:58.533"
"966","3296","103","163","2021-04-14 19:22:58.537"
"967","3308","102","109","2021-04-14 19:22:58.543"
"968","3316","101","36","2021-04-14 19:22:58.560"
"969","3308","102","48","2021-04-14 19:22:58.560"
"970","3313","92","33","2021-04-14 19:22:58.574"
"971","3314","92","31","2021-04-14 19:22:58.574"
"972","3321","101","28","2021-04-14 19:22:58.575"
"973","3317","102","81","2021-04-14 19:22:58.575"
"974","3323","102","41","2021-04-14 19:22:58.575"
"975","3324","102","81","2021-04-14 19:22:58.575"
"976","3296","103","56","2021-04-14 19:22:58.575"
"977","3332","101","63","2021-04-14 19:22:58.589"
"978","3340","94","73","2021-04-14 19:22:58.600"
"979","3336","93","76","2021-04-14 19:22:58.600"
"980","3314","92","65","2021-04-14 19:22:58.600"
"981","3337","92","76","2021-04-14 19:22:58.600"
"982","3349","97","26","2021-04-14 19:22:58.642"
"983","3346","98","56","2021-04-14 19:22:58.642"
"984","3358","88","26","2021-04-14 19:22:58.645"
"985","3360","87","27","2021-04-14 19:22:58.645"
"986","3361","87","21","2021-04-14 19:22:58.645"
"987","3365","87","7","2021-04-14 19:22:58.645"
"988","3375","91","69","2021-04-14 19:22:58.672"
"989","3373","90","2","2021-04-14 19:22:58.672"
"990","3381","98","64","2021-04-14 19:22:58.678"
"991","3347","99","26","2021-04-14 19:22:58.678"
"992","3345","100","23","2021-04-14 19:22:58.678"
"993","3332","101","5","2021-04-14 19:22:58.678"
"994","3385","90","65","2021-04-14 19:22:58.702"
"995","3388","91","211","2021-04-14 19:22:58.746"
"996","3388","91","50","2021-04-14 19:22:58.756"
"997","3413","92","26","2021-04-14 19:22:58.759"
"998","3388","91","70","2021-04-14 19:22:58.764"
"999","3414","92","52","2021-04-14 19:22:58.772"
"1000","3388","91","22","2021-04-14 19:22:58.775"
"1001","3388","91","95","2021-04-14 19:22:58.777"
"1002","3414","92","25","2021-04-14 19:22:58.784"
"1003","3416","93","27","2021-04-14 19:22:58.784"
"1004","3430","92","33","2021-04-14 19:22:58.787"
"1005","3416","93","1","2021-04-14 19:22:58.787"
"1006","3419","93","30","2021-04-14 19:22:58.787"
"1007","3419","93","3","2021-04-14 19:22:58.794"
"1008","3420","93","49","2021-04-14 19:22:58.794"
"1009","3421","93","4","2021-04-14 19:22:58.794"
"1010","3421","93","110","2021-04-14 19:22:58.798"
"1011","3436","92","24","2021-04-14 19:22:58.799"
"1012","3444","92","97","2021-04-14 19:22:58.811"
"1013","3450","92","43","2021-04-14 19:22:58.822"
"1014","3451","92","40","2021-04-14 19:22:58.823"
"1015","3452","92","13","2021-04-14 19:22:58.832"
"1016","3433","91","34","2021-04-14 19:22:58.832"
"1017","3423","90","20","2021-04-14 19:22:58.832"
"1018","3446","90","65","2021-04-14 19:22:58.832"
"1019","3446","90","56","2021-04-14 19:22:58.834"
"1020","3446","90","62","2021-04-14 19:22:58.835"
"1021","3477","95","22","2021-04-14 19:22:58.873"
"1022","3462","89","25","2021-04-14 19:22:58.877"
"1023","3493","88","26","2021-04-14 19:22:58.906"
"1024","3496","88","166","2021-04-14 19:22:58.906"
"1025","3496","88","32","2021-04-14 19:22:58.911"
"1026","3501","89","27","2021-04-14 19:22:58.916"
"1027","3486","87","117","2021-04-14 19:22:58.934"
"1028","3521","89","25","2021-04-14 19:22:58.941"
"1029","3518","88","20","2021-04-14 19:22:58.941"
"1030","3486","87","133","2021-04-14 19:22:58.941"
"1031","3528","98","29","2021-04-14 19:22:58.959"
"1032","3539","89","47","2021-04-14 19:22:58.969"
"1033","3538","88","21","2021-04-14 19:22:58.969"
"1034","3486","87","256","2021-04-14 19:22:58.969"
"1035","3549","91","25","2021-04-14 19:22:58.982"
"1036","3552","88","172","2021-04-14 19:22:59.000"
"1037","3486","87","58","2021-04-14 19:22:59.014"
"1038","3565","88","21","2021-04-14 19:22:59.017"
"1039","3565","88","80","2021-04-14 19:22:59.022"
"1040","3565","88","24","2021-04-14 19:22:59.025"
"1041","3583","87","66","2021-04-14 19:22:59.057"
"1042","3517","86","52","2021-04-14 19:22:59.062"
"1043","3583","87","1062","2021-04-14 19:22:59.065"
"1044","3517","86","19","2021-04-14 19:22:59.067"
"1045","3530","86","23","2021-04-14 19:22:59.067"
"1046","3531","86","109","2021-04-14 19:22:59.067"
"1047","3583","87","22","2021-04-14 19:22:59.068"
"1048","3531","86","324","2021-04-14 19:22:59.070"
"1049","3531","86","52","2021-04-14 19:22:59.072"
"1050","3536","86","26","2021-04-14 19:22:59.095"
"1051","3545","86","7","2021-04-14 19:22:59.095"
"1052","3545","86","14","2021-04-14 19:22:59.099"
"1053","3567","86","25","2021-04-14 19:22:59.099"
"1054","3572","86","16","2021-04-14 19:22:59.099"
"1055","3615","88","36","2021-04-14 19:22:59.111"
"1056","3602","89","190","2021-04-14 19:22:59.111"
"1057","3620","88","44","2021-04-14 19:22:59.123"
"1058","3602","89","108","2021-04-14 19:22:59.123"
"1059","3621","89","24","2021-04-14 19:22:59.123"
"1060","3605","85","116","2021-04-14 19:22:59.130"
"1061","3619","84","29","2021-04-14 19:22:59.130"
"1062","3634","89","66","2021-04-14 19:22:59.136"
"1063","3637","80","24","2021-04-14 19:22:59.140"
"1064","3635","79","58","2021-04-14 19:22:59.140"
"1065","3633","90","71","2021-04-14 19:22:59.167"
"1066","3652","85","35","2021-04-14 19:22:59.172"
"1067","3646","84","19","2021-04-14 19:22:59.172"
"1068","3658","92","92","2021-04-14 19:22:59.175"
"1069","3655","93","3","2021-04-14 19:22:59.175"
"1070","3655","93","61","2021-04-14 19:22:59.176"
"1071","3665","92","32","2021-04-14 19:22:59.191"
"1072","3655","93","118","2021-04-14 19:22:59.191"
"1073","3667","93","27","2021-04-14 19:22:59.191"
"1074","3667","93","4","2021-04-14 19:22:59.197"
"1075","3682","88","21","2021-04-14 19:22:59.228"
"1076","3666","87","32","2021-04-14 19:22:59.230"
"1077","3689","88","24","2021-04-14 19:22:59.232"
"1078","3687","89","77","2021-04-14 19:22:59.232"
"1079","3693","88","26","2021-04-14 19:22:59.234"
"1080","3687","89","2","2021-04-14 19:22:59.278"
"1081","3690","89","33","2021-04-14 19:22:59.278"
"1082","3696","89","19","2021-04-14 19:22:59.278"
"1083","3696","89","2","2021-04-14 19:22:59.281"
"1084","3700","90","60","2021-04-14 19:22:59.281"
"1085","3733","84","48","2021-04-14 19:22:59.319"
"1086","3739","83","10","2021-04-14 19:22:59.319"
"1087","3747","84","346","2021-04-14 19:22:59.323"
"1088","3739","83","24","2021-04-14 19:22:59.323"
"1089","3742","83","58","2021-04-14 19:22:59.323"
"1090","3754","92","55","2021-04-14 19:22:59.338"
"1091","3753","85","67","2021-04-14 19:22:59.339"
"1092","3762","92","22","2021-04-14 19:22:59.358"
"1093","3743","93","52","2021-04-14 19:22:59.358"
"1094","3748","93","112","2021-04-14 19:22:59.358"
"1095","3763","87","46","2021-04-14 19:22:59.359"
"1096","3764","86","4","2021-04-14 19:22:59.359"
"1097","3748","93","7","2021-04-14 19:22:59.360"
"1098","3758","93","71","2021-04-14 19:22:59.360"
"1099","3760","93","7","2021-04-14 19:22:59.360"
"1100","3760","93","14","2021-04-14 19:22:59.362"
"1101","3741","94","21","2021-04-14 19:22:59.362"
"1102","3744","94","16","2021-04-14 19:22:59.362"
"1103","3795","92","65","2021-04-14 19:22:59.419"
"1104","3791","91","33","2021-04-14 19:22:59.419"
"1105","3796","91","35","2021-04-14 19:22:59.419"
"1106","3780","90","23","2021-04-14 19:22:59.419"
"1107","3773","88","66","2021-04-14 19:22:59.419"
"1108","3765","86","58","2021-04-14 19:22:59.419"
"1109","3753","85","78","2021-04-14 19:22:59.419"
"1110","3811","94","61","2021-04-14 19:22:59.449"
"1111","3803","93","9","2021-04-14 19:22:59.449"
"1112","3820","94","34","2021-04-14 19:22:59.479"
"1113","3819","95","61","2021-04-14 19:22:59.486"
"1114","3819","95","26","2021-04-14 19:22:59.493"
"1115","3830","95","81","2021-04-14 19:22:59.493"
"1116","3833","96","1837","2021-04-14 19:22:59.493"
"1117","3833","96","177","2021-04-14 19:22:59.497"
"1118","3829","93","50","2021-04-14 19:22:59.498"
"1119","3841","91","41","2021-04-14 19:22:59.507"
"1120","3843","94","111","2021-04-14 19:22:59.509"
"1121","3842","95","38","2021-04-14 19:22:59.510"
"1122","3842","95","32","2021-04-14 19:22:59.538"
"1123","3842","95","9","2021-04-14 19:22:59.540"
"1124","3863","95","41","2021-04-14 19:22:59.546"
"1125","3848","96","21","2021-04-14 19:22:59.548"
"1126","3854","96","25","2021-04-14 19:22:59.548"
"1127","3861","96","47","2021-04-14 19:22:59.554"
"1128","3802","97","23","2021-04-14 19:22:59.554"
"1129","3805","97","51","2021-04-14 19:22:59.554"
"1130","3869","97","20","2021-04-14 19:22:59.554"
"1131","3800","100","44","2021-04-14 19:22:59.554"
"1132","3872","97","29","2021-04-14 19:22:59.568"
"1133","3878","97","61","2021-04-14 19:22:59.570"
"1134","3876","98","20","2021-04-14 19:22:59.570"
"1135","3880","97","43","2021-04-14 19:22:59.573"
"1136","3871","96","48","2021-04-14 19:22:59.573"
"1137","3874","96","23","2021-04-14 19:22:59.573"
"1138","3877","96","47","2021-04-14 19:22:59.573"
"1139","3863","95","9","2021-04-14 19:22:59.573"
"1140","3883","96","23","2021-04-14 19:22:59.581"
"1141","3883","96","27","2021-04-14 19:22:59.590"
"1142","3882","97","32","2021-04-14 19:22:59.597"
"1143","3890","98","25","2021-04-14 19:22:59.602"
"1144","3898","104","27","2021-04-14 19:22:59.658"
"1145","3921","104","849","2021-04-14 19:22:59.660"
"1146","3921","104","132","2021-04-14 19:22:59.663"
"1147","3915","105","119","2021-04-14 19:22:59.671"
"1148","3928","105","128","2021-04-14 19:22:59.673"
"1149","3928","105","52","2021-04-14 19:22:59.674"
"1150","3921","104","10","2021-04-14 19:22:59.674"
"1151","3931","105","36","2021-04-14 19:22:59.678"
"1152","3941","105","21","2021-04-14 19:22:59.706"
"1153","3946","105","46","2021-04-14 19:22:59.719"
"1154","3947","104","22","2021-04-14 19:22:59.721"
"1155","3946","105","6","2021-04-14 19:22:59.722"
"1156","3925","106","39","2021-04-14 19:22:59.723"
"1157","3960","112","38","2021-04-14 19:22:59.751"
"1158","3956","114","16","2021-04-14 19:22:59.752"
"1159","3961","104","25","2021-04-14 19:22:59.753"
"1160","3919","103","20","2021-04-14 19:22:59.753"
"1161","3949","103","11","2021-04-14 19:22:59.753"
"1162","3956","114","135","2021-04-14 19:22:59.755"
"1163","3956","114","217","2021-04-14 19:22:59.767"
"1164","3958","114","19","2021-04-14 19:22:59.767"
"1165","3979","111","70","2021-04-14 19:22:59.793"
"1166","3988","107","177","2021-04-14 19:22:59.806"
"1167","3995","108","36","2021-04-14 19:22:59.821"
"1168","3988","107","231","2021-04-14 19:22:59.821"
"1169","3998","108","191","2021-04-14 19:22:59.832"
"1170","4006","109","54","2021-04-14 19:22:59.846"
"1171","4010","112","21","2021-04-14 19:22:59.854"
"1172","4025","114","62","2021-04-14 19:22:59.885"
"1173","4022","113","40","2021-04-14 19:22:59.885"
"1174","4014","112","29","2021-04-14 19:22:59.885"
"1175","4013","111","34","2021-04-14 19:22:59.885"
"1176","4017","111","20","2021-04-14 19:22:59.885"
"1177","4008","110","279","2021-04-14 19:22:59.885"
"1178","4006","109","44","2021-04-14 19:22:59.885"
"1179","4012","109","92","2021-04-14 19:22:59.885"
"1180","3998","108","72","2021-04-14 19:22:59.885"
"1181","3988","107","204","2021-04-14 19:22:59.885"
"1182","3996","107","24","2021-04-14 19:22:59.885"
"1183","3992","106","50","2021-04-14 19:22:59.885"
"1184","3967","104","320","2021-04-14 19:22:59.885"
"1185","3949","103","22","2021-04-14 19:22:59.885"
"1186","3920","102","26","2021-04-14 19:22:59.885"
"1187","3945","102","22","2021-04-14 19:22:59.885"
"1188","3883","96","11","2021-04-14 19:22:59.885"
"1189","4019","121","57","2021-04-14 19:22:59.890"
"1190","4034","127","46","2021-04-14 19:22:59.894"
"1191","4040","126","82","2021-04-14 19:22:59.908"
"1192","4049","120","22","2021-04-14 19:22:59.923"
"1193","4057","120","28","2021-04-14 19:22:59.931"
"1194","4058","120","48","2021-04-14 19:22:59.934"
"1195","4068","121","22","2021-04-14 19:22:59.959"
"1196","4056","122","34","2021-04-14 19:22:59.960"
"1197","4079","122","33","2021-04-14 19:22:59.979"
"1198","4075","121","37","2021-04-14 19:22:59.979"
"1199","4058","120","5","2021-04-14 19:22:59.979"
"1200","4070","120","87","2021-04-14 19:22:59.979"
"1201","4070","120","4","2021-04-14 19:22:59.982"
"1202","4076","120","80","2021-04-14 19:22:59.982"
"1203","4051","119","8","2021-04-14 19:22:59.982"
"1204","4089","120","123","2021-04-14 19:23:00.000"
"1205","4094","121","20","2021-04-14 19:23:00.005"
"1206","4089","120","39","2021-04-14 19:23:00.005"
"1207","4051","119","18","2021-04-14 19:23:00.005"
"1208","4084","123","67","2021-04-14 19:23:00.013"
"1209","4078","124","622","2021-04-14 19:23:00.013"
"1210","4088","124","116","2021-04-14 19:23:00.013"
"1211","4090","124","79","2021-04-14 19:23:00.013"
"1212","4112","122","21","2021-04-14 19:23:00.043"
"1213","4111","121","21","2021-04-14 19:23:00.044"
"1214","4129","118","293","2021-04-14 19:23:00.076"
"1215","4110","123","21","2021-04-14 19:23:00.084"
"1216","4131","123","26","2021-04-14 19:23:00.084"
"1217","4093","124","9","2021-04-14 19:23:00.084"
"1218","4098","124","73","2021-04-14 19:23:00.117"
"1219","4137","120","91","2021-04-14 19:23:00.134"
"1220","4148","120","42","2021-04-14 19:23:00.134"
"1221","4133","117","83","2021-04-14 19:23:00.134"
"1222","4133","117","74","2021-04-14 19:23:00.158"
"1223","4181","121","33","2021-04-14 19:23:00.190"
"1224","4177","119","54","2021-04-14 19:23:00.190"
"1225","4180","119","28","2021-04-14 19:23:00.190"
"1226","4173","118","22","2021-04-14 19:23:00.190"
"1227","4178","118","41","2021-04-14 19:23:00.190"
"1228","4172","117","306","2021-04-14 19:23:00.190"
"1229","4175","117","34","2021-04-14 19:23:00.190"
"1230","4164","116","57","2021-04-14 19:23:00.190"
"1231","4165","116","32","2021-04-14 19:23:00.190"
"1232","4167","116","28","2021-04-14 19:23:00.190"
"1233","4185","115","22","2021-04-14 19:23:00.197"
"1234","4189","122","25","2021-04-14 19:23:00.204"
"1235","4191","124","324","2021-04-14 19:23:00.206"
"1236","4191","124","13","2021-04-14 19:23:00.210"
"1237","4176","125","52","2021-04-14 19:23:00.210"
"1238","4194","125","9","2021-04-14 19:23:00.210"
"1239","4201","122","22","2021-04-14 19:23:00.224"
"1240","4206","122","13","2021-04-14 19:23:00.231"
"1241","4209","122","22","2021-04-14 19:23:00.232"
"1242","4200","123","70","2021-04-14 19:23:00.232"
"1243","4203","123","57","2021-04-14 19:23:00.232"
"1244","4204","121","61","2021-04-14 19:23:00.234"
"1245","4203","123","23","2021-04-14 19:23:00.266"
"1246","4205","123","90","2021-04-14 19:23:00.266"
"1247","4197","124","24","2021-04-14 19:23:00.266"
"1248","4223","124","23","2021-04-14 19:23:00.266"
"1249","4238","123","34","2021-04-14 19:23:00.296"
"1250","4231","122","141","2021-04-14 19:23:00.296"
"1251","4230","121","28","2021-04-14 19:23:00.296"
"1252","4247","117","67","2021-04-14 19:23:00.308"
"1253","4245","123","63","2021-04-14 19:23:00.333"
"1254","4236","124","23","2021-04-14 19:23:00.333"
"1255","4236","124","17","2021-04-14 19:23:00.334"
"1256","4229","125","23","2021-04-14 19:23:00.335"
"1257","4234","125","37","2021-04-14 19:23:00.335"
"1258","4266","117","95","2021-04-14 19:23:00.350"
"1259","4246","116","32","2021-04-14 19:23:00.350"
"1260","4249","116","72","2021-04-14 19:23:00.350"
"1261","4259","116","86","2021-04-14 19:23:00.350"
"1262","4279","124","43","2021-04-14 19:23:00.367"
"1263","4234","125","30","2021-04-14 19:23:00.367"
"1264","4277","119","44","2021-04-14 19:23:00.369"
"1265","4274","118","32","2021-04-14 19:23:00.369"
"1266","4273","117","41","2021-04-14 19:23:00.369"
"1267","4284","124","51","2021-04-14 19:23:00.376"
"1268","4284","124","22","2021-04-14 19:23:00.384"
"1269","4234","125","5","2021-04-14 19:23:00.384"
"1270","4237","125","23","2021-04-14 19:23:00.384"
"1271","4239","125","25","2021-04-14 19:23:00.384"
"1272","4268","126","63","2021-04-14 19:23:00.384"
"1273","4278","126","32","2021-04-14 19:23:00.384"
"1274","4273","117","29","2021-04-14 19:23:00.393"
"1275","4275","117","163","2021-04-14 19:23:00.393"
"1276","4275","117","29","2021-04-14 19:23:00.413"
"1277","4288","117","32","2021-04-14 19:23:00.413"
"1278","4259","116","162","2021-04-14 19:23:00.413"
"1279","4312","118","26","2021-04-14 19:23:00.431"
"1280","4308","117","27","2021-04-14 19:23:00.431"
"1281","4259","116","118","2021-04-14 19:23:00.431"
"1282","4307","122","61","2021-04-14 19:23:00.432"
"1283","4259","116","7","2021-04-14 19:23:00.441"
"1284","4262","116","69","2021-04-14 19:23:00.441"
"1285","4262","116","44","2021-04-14 19:23:00.448"
"1286","4282","116","8","2021-04-14 19:23:00.448"
"1287","4324","118","26","2021-04-14 19:23:00.459"
"1288","4317","120","26","2021-04-14 19:23:00.476"
"1289","4315","121","260","2021-04-14 19:23:00.476"
"1290","4320","121","36","2021-04-14 19:23:00.476"
"1291","4307","122","50","2021-04-14 19:23:00.476"
"1292","4316","122","44","2021-04-14 19:23:00.476"
"1293","4305","124","27","2021-04-14 19:23:00.476"
"1294","4301","125","26","2021-04-14 19:23:00.476"
"1295","4278","126","1","2021-04-14 19:23:00.476"
"1296","4340","120","23","2021-04-14 19:23:00.496"
"1297","4337","119","54","2021-04-14 19:23:00.496"
"1298","4346","126","38","2021-04-14 19:23:00.499"
"1299","4345","127","22","2021-04-14 19:23:00.499"
"1300","4348","127","34","2021-04-14 19:23:00.499"
"1301","4348","127","52","2021-04-14 19:23:00.526"
"1302","4365","120","58","2021-04-14 19:23:00.533"
"1303","4337","119","52","2021-04-14 19:23:00.533"
"1304","4376","120","93","2021-04-14 19:23:00.560"
"1305","4337","119","8","2021-04-14 19:23:00.560"
"1306","4352","127","22","2021-04-14 19:23:00.562"
"1307","4353","127","29","2021-04-14 19:23:00.562"
"1308","4353","127","67","2021-04-14 19:23:00.565"
"1309","4373","127","77","2021-04-14 19:23:00.565"
"1310","4339","128","27","2021-04-14 19:23:00.565"
"1311","4363","128","3","2021-04-14 19:23:00.565"
"1312","4403","128","55","2021-04-14 19:23:00.624"
"1313","4406","117","20","2021-04-14 19:23:00.625"
"1314","4282","116","72","2021-04-14 19:23:00.625"
"1315","4427","122","35","2021-04-14 19:23:00.686"
"1316","4426","121","30","2021-04-14 19:23:00.686"
"1317","4420","120","34","2021-04-14 19:23:00.686"
"1318","4421","119","32","2021-04-14 19:23:00.686"
"1319","4454","116","43","2021-04-14 19:23:00.721"
"1320","4453","117","22","2021-04-14 19:23:00.721"
"1321","4458","117","8","2021-04-14 19:23:00.721"
"1322","4458","117","16","2021-04-14 19:23:00.734"
"1323","4459","117","47","2021-04-14 19:23:00.734"
"1324","4456","113","59","2021-04-14 19:23:00.735"
"1325","4456","113","119","2021-04-14 19:23:00.749"
"1326","4456","113","22","2021-04-14 19:23:00.764"
"1327","4476","116","60","2021-04-14 19:23:00.767"
"1328","4459","117","3","2021-04-14 19:23:00.767"
"1329","4478","116","23","2021-04-14 19:23:00.773"
"1330","4459","117","49","2021-04-14 19:23:00.801"
"1331","4449","118","31","2021-04-14 19:23:00.802"
"1332","4464","118","21","2021-04-14 19:23:00.802"
"1333","4469","118","44","2021-04-14 19:23:00.802"
"1334","4493","117","43","2021-04-14 19:23:00.811"
"1335","4469","118","32","2021-04-14 19:23:00.811"
"1336","4479","118","73","2021-04-14 19:23:00.811"
"1337","4479","118","47","2021-04-14 19:23:00.812"
"1338","4480","118","23","2021-04-14 19:23:00.812"
"1339","4490","119","23","2021-04-14 19:23:00.812"
"1340","4445","120","70","2021-04-14 19:23:00.812"
"1341","4443","121","356","2021-04-14 19:23:00.812"
"1342","4497","113","46","2021-04-14 19:23:00.827"
"1343","4444","122","26","2021-04-14 19:23:00.838"
"1344","4440","123","91","2021-04-14 19:23:00.838"
"1345","4503","116","52","2021-04-14 19:23:00.846"
"1346","4520","114","35","2021-04-14 19:23:00.899"
"1347","4524","113","32","2021-04-14 19:23:00.899"
"1348","4525","113","36","2021-04-14 19:23:00.899"
"1349","4529","113","3","2021-04-14 19:23:00.899"
"1350","4532","122","40","2021-04-14 19:23:00.908"
"1351","4527","123","11","2021-04-14 19:23:00.908"
"1352","4538","122","34","2021-04-14 19:23:00.912"
"1353","4527","123","14","2021-04-14 19:23:00.912"
"1354","4539","123","35","2021-04-14 19:23:00.912"
"1355","4441","124","3","2021-04-14 19:23:00.912"
"1356","4546","114","142","2021-04-14 19:23:00.940"
"1357","4569","118","31","2021-04-14 19:23:00.985"
"1358","4564","119","20","2021-04-14 19:23:00.986"
"1359","4559","117","40","2021-04-14 19:23:00.993"
"1360","4574","117","10","2021-04-14 19:23:00.996"
"1361","4576","117","22","2021-04-14 19:23:00.997"
"1362","4573","118","21","2021-04-14 19:23:01.008"
"1363","4564","119","4","2021-04-14 19:23:01.008"
"1364","4570","119","33","2021-04-14 19:23:01.008"
"1365","4558","116","113","2021-04-14 19:23:01.011"
"1366","4586","117","44","2021-04-14 19:23:01.017"
"1367","4558","116","29","2021-04-14 19:23:01.020"
"1368","4587","117","26","2021-04-14 19:23:01.021"
"1369","4585","118","30","2021-04-14 19:23:01.023"
"1370","4590","117","92","2021-04-14 19:23:01.024"
"1371","4597","117","35","2021-04-14 19:23:01.044"
"1372","4558","116","94","2021-04-14 19:23:01.045"
"1373","4554","115","34","2021-04-14 19:23:01.056"
"1374","4554","115","10","2021-04-14 19:23:01.064"
"1375","4582","115","42","2021-04-14 19:23:01.064"
"1376","4582","115","19","2021-04-14 19:23:01.106"
"1377","4641","117","25","2021-04-14 19:23:01.164"
"1378","4619","118","221","2021-04-14 19:23:01.164"
"1379","4619","118","74","2021-04-14 19:23:01.165"
"1380","4619","118","34","2021-04-14 19:23:01.172"
"1381","4644","118","38","2021-04-14 19:23:01.172"
"1382","4570","119","2","2021-04-14 19:23:01.172"
"1383","4611","119","34","2021-04-14 19:23:01.172"
"1384","4668","111","38","2021-04-14 19:23:01.214"
"1385","4666","110","39","2021-04-14 19:23:01.214"
"1386","4673","117","22","2021-04-14 19:23:01.225"
"1387","4661","118","23","2021-04-14 19:23:01.225"
"1388","4611","119","9","2021-04-14 19:23:01.225"
"1389","4612","119","52","2021-04-14 19:23:01.225"
"1390","4613","119","8","2021-04-14 19:23:01.225"
"1391","4667","109","498","2021-04-14 19:23:01.261"
"1392","4692","117","60","2021-04-14 19:23:01.267"
"1393","4687","118","40","2021-04-14 19:23:01.267"
"1394","4613","119","22","2021-04-14 19:23:01.267"
"1395","4626","119","38","2021-04-14 19:23:01.267"
"1396","4662","119","23","2021-04-14 19:23:01.267"
"1397","4671","119","21","2021-04-14 19:23:01.267"
"1398","4555","120","55","2021-04-14 19:23:01.267"
"1399","4660","120","36","2021-04-14 19:23:01.267"
"1400","4676","120","21","2021-04-14 19:23:01.267"
"1401","4556","121","320","2021-04-14 19:23:01.267"
"1402","4560","121","21","2021-04-14 19:23:01.267"
"1403","4441","124","19","2021-04-14 19:23:01.267"
"1404","4510","124","54","2021-04-14 19:23:01.267"
"1405","4541","125","235","2021-04-14 19:23:01.267"
"1406","4547","125","45","2021-04-14 19:23:01.267"
"1407","4705","112","22","2021-04-14 19:23:01.295"
"1408","4695","111","24","2021-04-14 19:23:01.295"
"1409","4702","111","30","2021-04-14 19:23:01.295"
"1410","4700","117","23","2021-04-14 19:23:01.296"
"1411","4707","118","25","2021-04-14 19:23:01.296"
"1412","4702","111","13","2021-04-14 19:23:01.299"
"1413","4703","111","32","2021-04-14 19:23:01.299"
"1414","4706","111","80","2021-04-14 19:23:01.299"
"1415","4717","112","25","2021-04-14 19:23:01.311"
"1416","4706","111","125","2021-04-14 19:23:01.311"
"1417","4726","113","25","2021-04-14 19:23:01.328"
"1418","4727","114","26","2021-04-14 19:23:01.330"
"1419","4729","114","27","2021-04-14 19:23:01.330"
"1420","4731","113","31","2021-04-14 19:23:01.333"
"1421","4730","112","38","2021-04-14 19:23:01.333"
"1422","4744","112","54","2021-04-14 19:23:01.357"
"1423","4706","111","97","2021-04-14 19:23:01.357"
"1424","4745","111","47","2021-04-14 19:23:01.357"
"1425","4694","110","38","2021-04-14 19:23:01.357"
"1426","4696","110","116","2021-04-14 19:23:01.357"
"1427","4667","109","234","2021-04-14 19:23:01.357"
"1428","4674","109","36","2021-04-14 19:23:01.357"
"1429","4679","109","54","2021-04-14 19:23:01.357"
"1430","4688","108","47","2021-04-14 19:23:01.357"
"1431","4763","120","53","2021-04-14 19:23:01.395"
"1432","4779","118","59","2021-04-14 19:23:01.423"
"1433","4788","112","36","2021-04-14 19:23:01.436"
"1434","4789","111","107","2021-04-14 19:23:01.436"
"1435","4773","120","472","2021-04-14 19:23:01.438"
"1436","4776","120","27","2021-04-14 19:23:01.438"
"1437","4738","121","34","2021-04-14 19:23:01.438"
"1438","4738","121","10","2021-04-14 19:23:01.442"
"1439","4766","121","61","2021-04-14 19:23:01.442"
"1440","4774","121","31","2021-04-14 19:23:01.442"
"1441","4787","121","64","2021-04-14 19:23:01.442"
"1442","4793","122","3","2021-04-14 19:23:01.442"
"1443","4793","122","40","2021-04-14 19:23:01.447"
"1444","4804","112","45","2021-04-14 19:23:01.462"
"1445","4803","113","42","2021-04-14 19:23:01.462"
"1446","4826","109","22","2021-04-14 19:23:01.497"
"1447","4821","110","34","2021-04-14 19:23:01.497"
"1448","4831","109","23","2021-04-14 19:23:01.506"
"1449","4821","110","73","2021-04-14 19:23:01.506"
"1450","4849","105","31","2021-04-14 19:23:01.543"
"1451","4834","104","31","2021-04-14 19:23:01.543"
"1452","4844","103","30","2021-04-14 19:23:01.543"
"1453","4852","107","25","2021-04-14 19:23:01.547"
"1454","4846","108","66","2021-04-14 19:23:01.547"
"1455","4840","109","23","2021-04-14 19:23:01.547"
"1456","4821","110","5","2021-04-14 19:23:01.570"
"1457","4841","110","35","2021-04-14 19:23:01.570"
"1458","4861","110","68","2021-04-14 19:23:01.570"
"1459","4814","111","13","2021-04-14 19:23:01.570"
"1460","4866","109","24","2021-04-14 19:23:01.584"
"1461","4867","110","39","2021-04-14 19:23:01.584"
"1462","4871","104","24","2021-04-14 19:23:01.588"
"1463","4844","103","2039","2021-04-14 19:23:01.588"
"1464","4851","102","60","2021-04-14 19:23:01.588"
"1465","4874","109","84","2021-04-14 19:23:01.593"
"1466","4874","109","5","2021-04-14 19:23:01.599"
"1467","4867","110","27","2021-04-14 19:23:01.599"
"1468","4872","111","39","2021-04-14 19:23:01.599"
"1469","4813","113","10","2021-04-14 19:23:01.599"
"1470","4875","99","264","2021-04-14 19:23:01.600"
"1471","4897","107","63","2021-04-14 19:23:01.642"
"1472","4889","106","9","2021-04-14 19:23:01.642"
"1473","4813","113","15","2021-04-14 19:23:01.644"
"1474","4891","113","42","2021-04-14 19:23:01.644"
"1475","4884","114","75","2021-04-14 19:23:01.645"
"1476","4920","106","35","2021-04-14 19:23:01.674"
"1477","4895","105","67","2021-04-14 19:23:01.674"
"1478","4921","112","32","2021-04-14 19:23:01.677"
"1479","4919","113","36","2021-04-14 19:23:01.677"
"1480","4923","113","26","2021-04-14 19:23:01.677"
"1481","4944","113","31","2021-04-14 19:23:01.720"
"1482","4943","114","27","2021-04-14 19:23:01.720"
"1483","4955","115","73","2021-04-14 19:23:01.734"
"1484","4955","115","66","2021-04-14 19:23:01.745"
"1485","4957","108","66","2021-04-14 19:23:01.756"
"1486","4931","107","1","2021-04-14 19:23:01.756"
"1487","4969","108","24","2021-04-14 19:23:01.760"
"1488","4931","107","25","2021-04-14 19:23:01.760"
"1489","4959","107","134","2021-04-14 19:23:01.760"
"1490","4970","117","23","2021-04-14 19:23:01.762"
"1491","4967","118","73","2021-04-14 19:23:01.762"
"1492","4967","118","50","2021-04-14 19:23:01.768"
"1493","4967","118","121","2021-04-14 19:23:01.769"
"1494","4993","111","66","2021-04-14 19:23:01.815"
"1495","5012","115","25","2021-04-14 19:23:01.848"
"1496","5011","114","92","2021-04-14 19:23:01.848"
"1497","5010","113","30","2021-04-14 19:23:01.861"
"1498","5007","112","26","2021-04-14 19:23:01.861"
"1499","4993","111","7","2021-04-14 19:23:01.861"
"1500","5008","111","99","2021-04-14 19:23:01.861"
"1501","5009","111","10","2021-04-14 19:23:01.861"
"1502","5009","111","113","2021-04-14 19:23:01.863"
"1503","5023","117","27","2021-04-14 19:23:01.886"
"1504","5017","118","58","2021-04-14 19:23:01.886"
"1505","5002","119","133","2021-04-14 19:23:01.886"
"1506","5013","119","46","2021-04-14 19:23:01.886"
"1507","4996","120","65","2021-04-14 19:23:01.900"
"1508","5070","113","44","2021-04-14 19:23:01.987"
"1509","5060","112","48","2021-04-14 19:23:01.987"
"1510","5060","112","16","2021-04-14 19:23:01.998"
"1511","5071","112","42","2021-04-14 19:23:01.998"
"1512","5076","112","109","2021-04-14 19:23:01.998"
"1513","5009","111","174","2021-04-14 19:23:01.998"
"1514","5054","111","21","2021-04-14 19:23:01.998"
"1515","5055","111","93","2021-04-14 19:23:01.998"
"1516","5061","111","22","2021-04-14 19:23:01.998"
"1517","5065","111","21","2021-04-14 19:23:01.998"
"1518","5067","117","118","2021-04-14 19:23:01.999"
"1519","5091","115","75","2021-04-14 19:23:02.072"
"1520","5083","116","55","2021-04-14 19:23:02.072"
"1521","5088","117","35","2021-04-14 19:23:02.073"
"1522","5053","118","93","2021-04-14 19:23:02.090"
"1523","5068","118","22","2021-04-14 19:23:02.090"
"1524","5079","118","152","2021-04-14 19:23:02.090"
"1525","5097","112","32","2021-04-14 19:23:02.091"
"1526","5096","111","36","2021-04-14 19:23:02.091"
"1527","5103","118","33","2021-04-14 19:23:02.104"
"1528","5043","119","25","2021-04-14 19:23:02.104"
"1529","5105","119","14","2021-04-14 19:23:02.105"
"1530","5118","117","50","2021-04-14 19:23:02.155"
"1531","5133","113","24","2021-04-14 19:23:02.163"
"1532","5131","112","348","2021-04-14 19:23:02.163"
"1533","5146","113","47","2021-04-14 19:23:02.194"
"1534","5131","112","32","2021-04-14 19:23:02.194"
"1535","5131","112","56","2021-04-14 19:23:02.235"
"1536","5166","114","75","2021-04-14 19:23:02.258"
"1537","5175","113","23","2021-04-14 19:23:02.260"
"1538","5131","112","27","2021-04-14 19:23:02.260"
"1539","5166","114","8","2021-04-14 19:23:02.265"
"1540","5168","114","43","2021-04-14 19:23:02.265"
"1541","5147","115","21","2021-04-14 19:23:02.265"
"1542","5172","115","55","2021-04-14 19:23:02.265"
"1543","5173","115","27","2021-04-14 19:23:02.265"
"1544","5174","115","255","2021-04-14 19:23:02.265"
"1545","5150","116","61","2021-04-14 19:23:02.265"
"1546","5150","116","6","2021-04-14 19:23:02.272"
"1547","5158","116","54","2021-04-14 19:23:02.272"
"1548","5158","116","53","2021-04-14 19:23:02.273"
"1549","5164","116","25","2021-04-14 19:23:02.273"
"1550","5121","117","7","2021-04-14 19:23:02.273"
"1551","5184","113","68","2021-04-14 19:23:02.276"
"1552","5184","113","38","2021-04-14 19:23:02.277"
"1553","5131","112","15","2021-04-14 19:23:02.277"
"1554","5131","112","494","2021-04-14 19:23:02.284"
"1555","5149","112","110","2021-04-14 19:23:02.284"
"1556","5151","112","50","2021-04-14 19:23:02.284"
"1557","5176","112","24","2021-04-14 19:23:02.284"
"1558","5132","111","48","2021-04-14 19:23:02.284"
"1559","5136","111","76","2021-04-14 19:23:02.284"
"1560","5137","111","26","2021-04-14 19:23:02.284"
"1561","5138","111","21","2021-04-14 19:23:02.284"
"1562","5141","111","63","2021-04-14 19:23:02.284"
"1563","5144","111","47","2021-04-14 19:23:02.284"
"1564","5145","111","37","2021-04-14 19:23:02.284"
"1565","4980","110","33","2021-04-14 19:23:02.284"
"1566","4999","110","5","2021-04-14 19:23:02.284"
"1567","4999","110","29","2021-04-14 19:23:02.289"
"1568","5005","110","21","2021-04-14 19:23:02.289"
"1569","5006","110","86","2021-04-14 19:23:02.289"
"1570","5033","110","28","2021-04-14 19:23:02.289"
"1571","5034","110","26","2021-04-14 19:23:02.289"
"1572","5034","110","106","2021-04-14 19:23:02.311"
"1573","5201","111","24","2021-04-14 19:23:02.313"
"1574","5034","110","39","2021-04-14 19:23:02.313"
"1575","5203","111","59","2021-04-14 19:23:02.337"
"1576","5205","111","4","2021-04-14 19:23:02.337"
"1577","5218","114","25","2021-04-14 19:23:02.345"
"1578","5209","115","25","2021-04-14 19:23:02.346"
"1579","5221","115","29","2021-04-14 19:23:02.353"
"1580","5218","114","66","2021-04-14 19:23:02.354"
"1581","5216","113","10","2021-04-14 19:23:02.354"
"1582","5229","115","42","2021-04-14 19:23:02.368"
"1583","5199","116","24","2021-04-14 19:23:02.368"
"1584","5210","116","179","2021-04-14 19:23:02.368"
"1585","5210","116","24","2021-04-14 19:23:02.371"
"1586","5231","115","82","2021-04-14 19:23:02.372"
"1587","5210","116","100","2021-04-14 19:23:02.374"
"1588","5219","116","8","2021-04-14 19:23:02.374"
"1589","5219","116","70","2021-04-14 19:23:02.375"
"1590","5121","117","19","2021-04-14 19:23:02.378"
"1591","5207","117","28","2021-04-14 19:23:02.378"
"1592","5223","117","15","2021-04-14 19:23:02.378"
"1593","5238","116","48","2021-04-14 19:23:02.389"
"1594","5231","115","57","2021-04-14 19:23:02.395"
"1595","5246","115","4","2021-04-14 19:23:02.398"
"1596","5243","116","91","2021-04-14 19:23:02.398"
"1597","5236","114","31","2021-04-14 19:23:02.415"
"1598","5216","113","20","2021-04-14 19:23:02.423"
"1599","5247","113","21","2021-04-14 19:23:02.423"
"1600","5085","110","39","2021-04-14 19:23:02.423"
"1601","5119","110","28","2021-04-14 19:23:02.423"
"1602","5129","110","52","2021-04-14 19:23:02.423"
"1603","5213","110","320","2021-04-14 19:23:02.423"
"1604","5262","111","20","2021-04-14 19:23:02.436"
"1605","5261","112","27","2021-04-14 19:23:02.436"
"1606","5258","113","20","2021-04-14 19:23:02.436"
"1607","5254","114","2","2021-04-14 19:23:02.436"
"1608","5259","114","23","2021-04-14 19:23:02.436"
"1609","5260","114","79","2021-04-14 19:23:02.436"
"1610","5249","115","93","2021-04-14 19:23:02.436"
"1611","5223","117","141","2021-04-14 19:23:02.436"
"1612","5223","117","4","2021-04-14 19:23:02.440"
"1613","5245","117","108","2021-04-14 19:23:02.440"
"1614","5240","118","27","2021-04-14 19:23:02.440"
"1615","5240","118","42","2021-04-14 19:23:02.450"
"1616","5267","118","19","2021-04-14 19:23:02.450"
"1617","5275","109","149","2021-04-14 19:23:02.454"
"1618","5274","117","24","2021-04-14 19:23:02.466"
"1619","5279","117","29","2021-04-14 19:23:02.466"
"1620","5267","118","51","2021-04-14 19:23:02.466"
"1621","5281","118","23","2021-04-14 19:23:02.466"
"1622","5113","119","30","2021-04-14 19:23:02.466"
"1623","5036","120","71","2021-04-14 19:23:02.466"
"1624","5040","120","22","2021-04-14 19:23:02.466"
"1625","5285","103","27","2021-04-14 19:23:02.472"
"1626","5289","108","64","2021-04-14 19:23:02.481"
"1627","5294","100","46","2021-04-14 19:23:02.487"
"1628","5297","107","36","2021-04-14 19:23:02.494"
"1629","5295","108","41","2021-04-14 19:23:02.494"
"1630","5287","110","35","2021-04-14 19:23:02.494"
"1631","5302","107","28","2021-04-14 19:23:02.502"
"1632","5312","96","22","2021-04-14 19:23:02.516"
"1633","5319","100","27","2021-04-14 19:23:02.538"
"1634","5323","99","64","2021-04-14 19:23:02.538"
"1635","5307","107","49","2021-04-14 19:23:02.541"
"1636","5315","107","4","2021-04-14 19:23:02.541"
"1637","5327","100","25","2021-04-14 19:23:02.562"
"1638","5335","100","27","2021-04-14 19:23:02.562"
"1639","5320","108","53","2021-04-14 19:23:02.610"
"1640","5364","107","39","2021-04-14 19:23:02.629"
"1641","5362","106","120","2021-04-14 19:23:02.629"
"1642","5361","105","37","2021-04-14 19:23:02.630"
"1643","5363","105","51","2021-04-14 19:23:02.630"
"1644","5363","105","23","2021-04-14 19:23:02.636"
"1645","5373","106","39","2021-04-14 19:23:02.651"
"1646","5377","106","17","2021-04-14 19:23:02.656"
"1647","5374","107","64","2021-04-14 19:23:02.656"
"1648","5378","107","263","2021-04-14 19:23:02.656"
"1649","5320","108","9","2021-04-14 19:23:02.656"
"1650","5324","108","5","2021-04-14 19:23:02.656"
"1651","5324","108","18","2021-04-14 19:23:02.663"
"1652","5332","109","49","2021-04-14 19:23:02.663"
"1653","5398","105","23","2021-04-14 19:23:02.696"
"1654","5390","106","20","2021-04-14 19:23:02.696"
"1655","5388","107","48","2021-04-14 19:23:02.696"
"1656","5392","107","50","2021-04-14 19:23:02.696"
"1657","5421","103","40","2021-04-14 19:23:02.743"
"1658","5401","102","22","2021-04-14 19:23:02.743"
"1659","5415","106","20","2021-04-14 19:23:02.745"
"1660","5394","107","37","2021-04-14 19:23:02.745"
"1661","5419","107","25","2021-04-14 19:23:02.745"
"1662","5332","109","25","2021-04-14 19:23:02.745"
"1663","5332","109","27","2021-04-14 19:23:02.746"
"1664","5350","109","27","2021-04-14 19:23:02.746"
"1665","5359","109","99","2021-04-14 19:23:02.746"
"1666","5428","104","24","2021-04-14 19:23:02.751"
"1667","5427","103","43","2021-04-14 19:23:02.751"
"1668","5423","102","61","2021-04-14 19:23:02.766"
"1669","5434","109","59","2021-04-14 19:23:02.770"
"1670","5439","104","22","2021-04-14 19:23:02.775"
"1671","5438","103","22","2021-04-14 19:23:02.775"
"1672","5423","102","4","2021-04-14 19:23:02.775"
"1673","5418","101","25","2021-04-14 19:23:02.775"
"1674","5442","104","29","2021-04-14 19:23:02.784"
"1675","5449","103","23","2021-04-14 19:23:02.791"
"1676","5453","107","32","2021-04-14 19:23:02.801"
"1677","5443","108","92","2021-04-14 19:23:02.801"
"1678","5457","106","28","2021-04-14 19:23:02.804"
"1679","5455","105","30","2021-04-14 19:23:02.804"
"1680","5476","105","24","2021-04-14 19:23:02.848"
"1681","5488","105","2","2021-04-14 19:23:02.850"
"1682","5489","105","27","2021-04-14 19:23:02.851"
"1683","5469","106","34","2021-04-14 19:23:02.851"
"1684","5481","106","32","2021-04-14 19:23:02.851"
"1685","5487","104","62","2021-04-14 19:23:02.857"
"1686","5483","103","31","2021-04-14 19:23:02.857"
"1687","5482","102","36","2021-04-14 19:23:02.857"
"1688","5481","106","52","2021-04-14 19:23:02.859"
"1689","5499","105","52","2021-04-14 19:23:02.868"
"1690","5481","106","153","2021-04-14 19:23:02.868"
"1691","5486","106","2","2021-04-14 19:23:02.868"
"1692","5508","104","200","2021-04-14 19:23:02.899"
"1693","5512","103","29","2021-04-14 19:23:02.905"
"1694","5508","104","14","2021-04-14 19:23:02.906"
"1695","5506","105","21","2021-04-14 19:23:02.906"
"1696","5513","105","54","2021-04-14 19:23:02.906"
"1697","5515","105","22","2021-04-14 19:23:02.906"
"1698","5486","106","182","2021-04-14 19:23:02.906"
"1699","5466","107","55","2021-04-14 19:23:02.906"
"1700","5472","107","40","2021-04-14 19:23:02.906"
"1701","5474","107","28","2021-04-14 19:23:02.906"
"1702","5475","107","201","2021-04-14 19:23:02.906"
"1703","5496","107","109","2021-04-14 19:23:02.906"
"1704","5498","107","530","2021-04-14 19:23:02.906"
"1705","5526","101","26","2021-04-14 19:23:02.930"
"1706","5529","100","80","2021-04-14 19:23:02.931"
"1707","5539","103","28","2021-04-14 19:23:02.949"
"1708","5535","102","27","2021-04-14 19:23:02.949"
"1709","5535","102","24","2021-04-14 19:23:02.976"
"1710","5533","101","98","2021-04-14 19:23:02.976"
"1711","5562","108","36","2021-04-14 19:23:02.990"
"1712","5557","109","24","2021-04-14 19:23:02.990"
"1713","5552","110","36","2021-04-14 19:23:02.990"
"1714","5560","110","66","2021-04-14 19:23:02.990"
"1715","5551","111","57","2021-04-14 19:23:02.990"
"1716","5553","111","21","2021-04-14 19:23:02.990"
"1717","5548","112","31","2021-04-14 19:23:02.990"
"1718","5538","101","22","2021-04-14 19:23:03.000"
"1719","5550","101","39","2021-04-14 19:23:03.000"
"1720","5529","100","43","2021-04-14 19:23:03.000"
"1721","5529","100","110","2021-04-14 19:23:03.002"
"1722","5529","100","70","2021-04-14 19:23:03.005"
"1723","5559","100","45","2021-04-14 19:23:03.005"
"1724","5579","101","20","2021-04-14 19:23:03.013"
"1725","5582","102","52","2021-04-14 19:23:03.020"
"1726","5576","103","22","2021-04-14 19:23:03.024"
"1727","5591","102","161","2021-04-14 19:23:03.035"
"1728","5563","100","35","2021-04-14 19:23:03.056"
"1729","5565","100","33","2021-04-14 19:23:03.056"
"1730","5566","100","23","2021-04-14 19:23:03.056"
"1731","5568","100","31","2021-04-14 19:23:03.056"
"1732","5569","100","160","2021-04-14 19:23:03.056"
"1733","5610","108","58","2021-04-14 19:23:03.077"
"1734","5614","107","30","2021-04-14 19:23:03.081"
"1735","5610","108","30","2021-04-14 19:23:03.081"
"1736","5615","108","42","2021-04-14 19:23:03.081"
"1737","5611","109","21","2021-04-14 19:23:03.081"
"1738","5612","109","26","2021-04-14 19:23:03.081"
"1739","5624","107","49","2021-04-14 19:23:03.093"
"1740","5619","108","35","2021-04-14 19:23:03.093"
"1741","5629","102","23","2021-04-14 19:23:03.115"
"1742","5629","102","24","2021-04-14 19:23:03.117"
"1743","5636","104","24","2021-04-14 19:23:03.134"
"1744","5647","105","45","2021-04-14 19:23:03.134"
"1745","5646","103","129","2021-04-14 19:23:03.135"
"1746","5647","105","194","2021-04-14 19:23:03.145"
"1747","5661","103","67","2021-04-14 19:23:03.162"
"1748","5645","102","88","2021-04-14 19:23:03.162"
"1749","5665","103","38","2021-04-14 19:23:03.184"
"1750","5645","102","19","2021-04-14 19:23:03.184"
"1751","5670","102","38","2021-04-14 19:23:03.184"
"1752","5626","101","63","2021-04-14 19:23:03.184"
"1753","5593","100","32","2021-04-14 19:23:03.184"
"1754","5682","102","53","2021-04-14 19:23:03.203"
"1755","5675","103","24","2021-04-14 19:23:03.203"
"1756","5675","103","3","2021-04-14 19:23:03.222"
"1757","5683","103","54","2021-04-14 19:23:03.222"
"1758","5673","104","112","2021-04-14 19:23:03.222"
"1759","5676","104","25","2021-04-14 19:23:03.222"
"1760","5692","97","105","2021-04-14 19:23:03.229"
"1761","5698","102","62","2021-04-14 19:23:03.243"
"1762","5703","98","38","2021-04-14 19:23:03.244"
"1763","5692","97","15","2021-04-14 19:23:03.244"
"1764","5709","101","46","2021-04-14 19:23:03.270"
"1765","5698","102","154","2021-04-14 19:23:03.270"
"1766","5695","103","111","2021-04-14 19:23:03.270"
"1767","5700","103","36","2021-04-14 19:23:03.270"
"1768","5708","103","443","2021-04-14 19:23:03.270"
"1769","5676","104","4","2021-04-14 19:23:03.270"
"1770","5689","104","36","2021-04-14 19:23:03.270"
"1771","5647","105","143","2021-04-14 19:23:03.270"
"1772","5667","106","25","2021-04-14 19:23:03.270"
"1773","5714","99","24","2021-04-14 19:23:03.285"
"1774","5729","108","23","2021-04-14 19:23:03.294"
"1775","5743","103","38","2021-04-14 19:23:03.317"
"1776","5742","102","241","2021-04-14 19:23:03.317"
"1777","5727","101","190","2021-04-14 19:23:03.317"
"1778","5738","101","37","2021-04-14 19:23:03.317"
"1779","5726","100","30","2021-04-14 19:23:03.317"
"1780","5733","100","51","2021-04-14 19:23:03.317"
"1781","5748","103","31","2021-04-14 19:23:03.323"
"1782","5757","103","40","2021-04-14 19:23:03.351"
"1783","5761","102","16","2021-04-14 19:23:03.352"
"1784","5769","104","44","2021-04-14 19:23:03.356"
"1785","5767","105","384","2021-04-14 19:23:03.356"
"1786","5761","102","12","2021-04-14 19:23:03.399"
"1787","5766","102","358","2021-04-14 19:23:03.399"
"1788","5774","108","55","2021-04-14 19:23:03.409"
"1789","5766","102","58","2021-04-14 19:23:03.442"
"1790","5815","104","24","2021-04-14 19:23:03.475"
"1791","5811","103","75","2021-04-14 19:23:03.475"
"1792","5808","102","13","2021-04-14 19:23:03.475"
"1793","5779","101","25","2021-04-14 19:23:03.519"
"1794","5782","101","66","2021-04-14 19:23:03.519"
"1795","5795","101","37","2021-04-14 19:23:03.519"
"1796","5798","101","27","2021-04-14 19:23:03.519"
"1797","5800","101","104","2021-04-14 19:23:03.519"
"1798","5823","109","56","2021-04-14 19:23:03.559"
"1799","5856","104","22","2021-04-14 19:23:03.614"
"1800","5859","104","34","2021-04-14 19:23:03.614"
"1801","5883","107","22","2021-04-14 19:23:03.640"
"1802","5884","107","49","2021-04-14 19:23:03.641"
"1803","5866","108","8","2021-04-14 19:23:03.642"
"1804","5881","106","36","2021-04-14 19:23:03.651"
"1805","5888","105","28","2021-04-14 19:23:03.651"
"1806","5860","104","40","2021-04-14 19:23:03.651"
"1807","5877","103","80","2021-04-14 19:23:03.651"
"1808","5877","103","69","2021-04-14 19:23:03.653"
"1809","5849","101","49","2021-04-14 19:23:03.653"
"1810","5852","101","29","2021-04-14 19:23:03.653"
"1811","5895","102","103","2021-04-14 19:23:03.669"
"1812","5898","107","71","2021-04-14 19:23:03.696"
"1813","5898","107","266","2021-04-14 19:23:03.702"
"1814","5901","103","103","2021-04-14 19:23:03.704"
"1815","5917","106","428","2021-04-14 19:23:03.716"
"1816","5927","104","34","2021-04-14 19:23:03.741"
"1817","5901","103","61","2021-04-14 19:23:03.741"
"1818","5907","103","34","2021-04-14 19:23:03.741"
"1819","5917","106","67","2021-04-14 19:23:03.750"
"1820","5907","103","31","2021-04-14 19:23:03.751"
"1821","5895","102","78","2021-04-14 19:23:03.751"
"1822","5922","102","25","2021-04-14 19:23:03.751"
"1823","5942","106","25","2021-04-14 19:23:03.780"
"1824","5919","107","33","2021-04-14 19:23:03.780"
"1825","5921","107","25","2021-04-14 19:23:03.780"
"1826","5924","107","2","2021-04-14 19:23:03.780"
"1827","5937","103","54","2021-04-14 19:23:03.789"
"1828","5929","102","28","2021-04-14 19:23:03.789"
"1829","5939","102","7","2021-04-14 19:23:03.789"
"1830","5956","106","20","2021-04-14 19:23:03.833"
"1831","5924","107","34","2021-04-14 19:23:03.833"
"1832","5953","107","14","2021-04-14 19:23:03.833"
"1833","5953","107","10","2021-04-14 19:23:03.836"
"1834","5959","107","51","2021-04-14 19:23:03.836"
"1835","5958","102","77","2021-04-14 19:23:03.851"
"1836","5974","104","24","2021-04-14 19:23:03.856"
"1837","5973","103","21","2021-04-14 19:23:03.856"
"1838","5975","103","20","2021-04-14 19:23:03.856"
"1839","5977","104","95","2021-04-14 19:23:03.859"
"1840","5980","104","24","2021-04-14 19:23:03.867"
"1841","5982","104","47","2021-04-14 19:23:03.868"
"1842","5971","105","110","2021-04-14 19:23:03.868"
"1843","5969","106","58","2021-04-14 19:23:03.868"
"1844","5959","107","13","2021-04-14 19:23:03.868"
"1845","5995","106","24","2021-04-14 19:23:03.895"
"1846","5959","107","100","2021-04-14 19:23:03.897"
"1847","5995","106","25","2021-04-14 19:23:03.899"
"1848","5990","105","30","2021-04-14 19:23:03.900"
"1849","6000","105","33","2021-04-14 19:23:03.906"
"1850","5999","106","89","2021-04-14 19:23:03.907"
"1851","6002","104","26","2021-04-14 19:23:03.908"
"1852","5975","103","68","2021-04-14 19:23:03.908"
"1853","5999","106","110","2021-04-14 19:23:03.910"
"1854","5959","107","92","2021-04-14 19:23:03.910"
"1855","5959","107","147","2021-04-14 19:23:03.929"
"1856","6015","106","38","2021-04-14 19:23:03.935"
"1857","6017","106","69","2021-04-14 19:23:03.936"
"1858","6016","105","43","2021-04-14 19:23:03.936"
"1859","6014","104","263","2021-04-14 19:23:03.936"
"1860","6011","103","34","2021-04-14 19:23:03.936"
"1861","5966","102","204","2021-04-14 19:23:03.936"
"1862","5966","102","151","2021-04-14 19:23:03.940"
"1863","5988","102","170","2021-04-14 19:23:03.940"
"1864","6007","101","52","2021-04-14 19:23:03.940"
"1865","6019","101","32","2021-04-14 19:23:03.940"
"1866","6028","105","22","2021-04-14 19:23:03.968"
"1867","6032","105","36","2021-04-14 19:23:03.968"
"1868","6026","106","21","2021-04-14 19:23:03.968"
"1869","5959","107","24","2021-04-14 19:23:03.968"
"1870","5986","107","53","2021-04-14 19:23:03.968"
"1871","5968","108","25","2021-04-14 19:23:03.968"
"1872","5993","108","24","2021-04-14 19:23:03.968"
"1873","5996","108","14","2021-04-14 19:23:03.968"
"1874","6035","97","94","2021-04-14 19:23:03.969"
"1875","6031","96","33","2021-04-14 19:23:03.969"
"1876","6043","107","34","2021-04-14 19:23:03.987"
"1877","6023","108","24","2021-04-14 19:23:03.998"
"1878","6050","105","29","2021-04-14 19:23:04.019"
"1879","6056","104","33","2021-04-14 19:23:04.019"
"1880","6072","107","58","2021-04-14 19:23:04.045"
"1881","6069","109","27","2021-04-14 19:23:04.060"
"1882","6082","109","77","2021-04-14 19:23:04.062"
"1883","6078","108","21","2021-04-14 19:23:04.062"
"1884","6106","101","39","2021-04-14 19:23:04.105"
"1885","6105","100","21","2021-04-14 19:23:04.105"
"1886","6096","107","37","2021-04-14 19:23:04.112"
"1887","6095","108","28","2021-04-14 19:23:04.112"
"1888","6107","108","24","2021-04-14 19:23:04.112"
"1889","6111","108","262","2021-04-14 19:23:04.112"
"1890","6105","100","97","2021-04-14 19:23:04.128"
"1891","6105","100","240","2021-04-14 19:23:04.137"
"1892","6136","102","32","2021-04-14 19:23:04.161"
"1893","6135","101","61","2021-04-14 19:23:04.161"
"1894","6105","100","728","2021-04-14 19:23:04.161"
"1895","6110","100","68","2021-04-14 19:23:04.161"
"1896","6112","100","27","2021-04-14 19:23:04.161"
"1897","6114","100","22","2021-04-14 19:23:04.161"
"1898","6120","99","23","2021-04-14 19:23:04.161"
"1899","6123","99","25","2021-04-14 19:23:04.161"
"1900","6154","101","22","2021-04-14 19:23:04.198"
"1901","6153","102","44","2021-04-14 19:23:04.198"
"1902","6150","103","50","2021-04-14 19:23:04.198"
"1903","6174","102","39","2021-04-14 19:23:04.261"
"1904","6150","103","103","2021-04-14 19:23:04.261"
"1905","6158","103","62","2021-04-14 19:23:04.261"
"1906","6162","103","55","2021-04-14 19:23:04.261"
"1907","6145","104","2","2021-04-14 19:23:04.261"
"1908","6190","100","25","2021-04-14 19:23:04.295"
"1909","6187","99","22","2021-04-14 19:23:04.295"
"1910","6192","99","25","2021-04-14 19:23:04.295"
"1911","6189","98","17","2021-04-14 19:23:04.295"
"1912","6185","105","55","2021-04-14 19:23:04.304"
"1913","6189","98","75","2021-04-14 19:23:04.309"
"1914","6189","98","144","2021-04-14 19:23:04.329"
"1915","6202","103","41","2021-04-14 19:23:04.331"
"1916","6201","104","24","2021-04-14 19:23:04.331"
"1917","6208","98","89","2021-04-14 19:23:04.337"
"1918","6180","97","41","2021-04-14 19:23:04.337"
"1919","6232","92","77","2021-04-14 19:23:04.377"
"1920","6231","91","2","2021-04-14 19:23:04.377"
"1921","6256","96","49","2021-04-14 19:23:04.412"
"1922","6255","97","29","2021-04-14 19:23:04.412"
"1923","6249","98","21","2021-04-14 19:23:04.412"
"1924","6241","99","23","2021-04-14 19:23:04.412"
"1925","6252","99","23","2021-04-14 19:23:04.412"
"1926","6258","103","77","2021-04-14 19:23:04.424"
"1927","6258","103","67","2021-04-14 19:23:04.425"
"1928","6259","96","39","2021-04-14 19:23:04.443"
"1929","6251","95","23","2021-04-14 19:23:04.443"
"1930","6248","94","2","2021-04-14 19:23:04.443"
"1931","6287","101","27","2021-04-14 19:23:04.487"
"1932","6290","96","116","2021-04-14 19:23:04.489"
"1933","6300","100","39","2021-04-14 19:23:04.503"
"1934","6299","101","23","2021-04-14 19:23:04.503"
"1935","6299","101","23","2021-04-14 19:23:04.506"
"1936","6308","104","39","2021-04-14 19:23:04.522"
"1937","6307","105","40","2021-04-14 19:23:04.522"
"1938","6296","95","29","2021-04-14 19:23:04.523"
"1939","6306","95","28","2021-04-14 19:23:04.523"
"1940","6281","94","42","2021-04-14 19:23:04.523"
"1941","6283","94","79","2021-04-14 19:23:04.523"
"1942","6250","93","33","2021-04-14 19:23:04.523"
"1943","6278","93","72","2021-04-14 19:23:04.523"
"1944","6280","92","5","2021-04-14 19:23:04.523"
"1945","6320","90","28","2021-04-14 19:23:04.547"
"1946","6324","96","24","2021-04-14 19:23:04.555"
"1947","6323","97","23","2021-04-14 19:23:04.555"
"1948","6325","97","25","2021-04-14 19:23:04.555"
"1949","6329","97","26","2021-04-14 19:23:04.555"
"1950","6318","98","23","2021-04-14 19:23:04.555"
"1951","6327","92","70","2021-04-14 19:23:04.567"
"1952","6341","96","37","2021-04-14 19:23:04.576"
"1953","6343","96","239","2021-04-14 19:23:04.593"
"1954","6348","97","40","2021-04-14 19:23:04.593"
"1955","6350","97","25","2021-04-14 19:23:04.593"
"1956","6351","97","31","2021-04-14 19:23:04.593"
"1957","6332","98","26","2021-04-14 19:23:04.593"
"1958","6364","89","40","2021-04-14 19:23:04.613"
"1959","6354","88","67","2021-04-14 19:23:04.613"
"1960","6359","88","137","2021-04-14 19:23:04.613"
"1961","6369","88","21","2021-04-14 19:23:04.632"
"1962","6377","89","93","2021-04-14 19:23:04.637"
"1963","6374","90","175","2021-04-14 19:23:04.668"
"1964","6374","90","34","2021-04-14 19:23:04.685"
"1965","6382","90","32","2021-04-14 19:23:04.685"
"1966","6370","91","13","2021-04-14 19:23:04.685"
"1967","6410","90","26","2021-04-14 19:23:04.694"
"1968","6411","90","22","2021-04-14 19:23:04.702"
"1969","6411","90","4","2021-04-14 19:23:04.719"
"1970","6409","89","22","2021-04-14 19:23:04.719"
"1971","6375","87","56","2021-04-14 19:23:04.719"
"1972","6395","86","49","2021-04-14 19:23:04.737"
"1973","6423","86","10","2021-04-14 19:23:04.737"
"1974","6443","89","51","2021-04-14 19:23:04.772"
"1975","6444","89","6","2021-04-14 19:23:04.774"
"1976","6441","90","26","2021-04-14 19:23:04.774"
"1977","6440","91","78","2021-04-14 19:23:04.774"
"1978","6435","88","59","2021-04-14 19:23:04.777"
"1979","6435","88","36","2021-04-14 19:23:04.778"
"1980","6432","87","73","2021-04-14 19:23:04.778"
"1981","6446","87","45","2021-04-14 19:23:04.778"
"1982","6423","86","16","2021-04-14 19:23:04.778"
"1983","6450","89","79","2021-04-14 19:23:04.798"
"1984","6449","90","22","2021-04-14 19:23:04.798"
"1985","6451","90","208","2021-04-14 19:23:04.798"
"1986","6456","83","84","2021-04-14 19:23:04.799"
"1987","6453","82","27","2021-04-14 19:23:04.799"
"1988","6457","82","130","2021-04-14 19:23:04.799"
"1989","6451","90","187","2021-04-14 19:23:04.805"
"1990","6451","90","53","2021-04-14 19:23:04.828"
"1991","6451","90","56","2021-04-14 19:23:04.833"
"1992","6451","90","87","2021-04-14 19:23:04.836"
"1993","6451","90","88","2021-04-14 19:23:04.838"
"1994","6498","91","32","2021-04-14 19:23:04.885"
