"OrderId","ClientOrderId","Price","Volume","DateTime"
"1","2","98","36","2021-04-13 23:01:25.106"
"2","12","90","21","2021-04-13 23:01:47.431"
"3","20","92","22","2021-04-13 23:02:21.295"
"4","18","91","22","2021-04-13 23:02:21.296"
"5","21","91","53","2021-04-13 23:02:21.296"
"6","12","90","21","2021-04-13 23:02:21.296"
"7","9","89","20","2021-04-13 23:02:21.296"
"8","9","89","2","2021-04-13 23:02:31.443"
"9","17","89","28","2021-04-13 23:02:31.443"
"10","42","98","24","2021-04-13 23:02:53.323"
"11","13","99","24","2021-04-13 23:02:53.323"
"12","54","98","22","2021-04-13 23:02:53.886"
"13","13","99","7","2021-04-13 23:02:53.886"
"14","64","92","26","2021-04-13 23:02:59.294"
"15","63","98","36","2021-04-13 23:02:59.401"
"16","72","97","24","2021-04-13 23:03:02.801"
"17","64","92","105","2021-04-13 23:03:03.622"
"18","69","91","24","2021-04-13 23:03:15.785"
"19","123","95","35","2021-04-13 23:04:24.260"
"20","125","95","7","2021-04-13 23:04:24.494"
"21","122","94","51","2021-04-13 23:04:24.494"
"22","127","95","22","2021-04-13 23:04:26.855"
"23","122","94","74","2021-04-13 23:04:35.602"
"24","112","93","20","2021-04-13 23:04:35.602"
"25","114","93","105","2021-04-13 23:04:35.602"
"26","115","93","29","2021-04-13 23:04:35.602"
"27","124","93","99","2021-04-13 23:04:35.602"
"28","109","92","46","2021-04-13 23:04:35.602"
"29","71","91","29","2021-04-13 23:04:35.602"
"30","110","91","32","2021-04-13 23:04:35.602"
"31","96","90","11","2021-04-13 23:04:35.602"
"32","128","95","23","2021-04-13 23:04:36.774"
"33","84","96","62","2021-04-13 23:04:36.774"
"34","86","96","25","2021-04-13 23:04:45.015"
"35","103","96","177","2021-04-13 23:04:45.015"
"36","139","92","38","2021-04-13 23:05:08.977"
"37","132","91","25","2021-04-13 23:05:08.977"
"38","154","93","27","2021-04-13 23:05:19.028"
"39","153","94","2","2021-04-13 23:05:19.029"
"40","166","92","51","2021-04-13 23:05:37.932"
"41","173","92","24","2021-04-13 23:05:44.880"
"42","161","93","6","2021-04-13 23:05:44.880"
"43","180","93","20","2021-04-13 23:05:56.225"
"44","180","93","4","2021-04-13 23:06:01.540"
"45","153","94","38","2021-04-13 23:06:01.541"
"46","162","94","19","2021-04-13 23:06:01.541"
"47","162","94","11","2021-04-13 23:06:04.088"
"48","152","95","27","2021-04-13 23:06:04.088"
"49","159","95","4","2021-04-13 23:06:04.088"
"50","196","87","57","2021-04-13 23:06:38.099"
"51","213","92","42","2021-04-13 23:06:44.344"
"52","223","88","22","2021-04-13 23:07:28.463"
"53","222","92","49","2021-04-13 23:07:28.601"
"54","201","93","26","2021-04-13 23:07:28.601"
"55","216","93","51","2021-04-13 23:07:28.601"
"56","219","93","45","2021-04-13 23:07:28.601"
"57","194","94","27","2021-04-13 23:07:28.601"
"58","207","94","28","2021-04-13 23:07:28.601"
"59","239","93","21","2021-04-13 23:07:50.330"
"60","231","94","27","2021-04-13 23:07:51.465"
"61","231","94","28","2021-04-13 23:07:54.443"
"62","231","94","24","2021-04-13 23:07:56.935"
"63","239","93","43","2021-04-13 23:07:57.663"
"64","231","94","9","2021-04-13 23:08:01.379"
"65","249","95","28","2021-04-13 23:08:01.379"
"66","247","85","46","2021-04-13 23:08:18.404"
"67","261","85","23","2021-04-13 23:09:03.821"
"68","265","85","12","2021-04-13 23:09:03.821"
"69","268","84","23","2021-04-13 23:09:09.077"
"70","291","92","22","2021-04-13 23:09:17.764"
"71","289","93","14","2021-04-13 23:09:17.764"
"72","289","93","18","2021-04-13 23:09:18.242"
"73","257","94","33","2021-04-13 23:09:18.242"
"74","294","94","10","2021-04-13 23:09:18.242"
"75","295","86","31","2021-04-13 23:09:19.871"
"76","295","86","2","2021-04-13 23:09:20.509"
"77","285","85","30","2021-04-13 23:09:20.509"
"78","288","85","13","2021-04-13 23:09:20.509"
"79","288","85","20","2021-04-13 23:09:20.602"
"80","322","89","26","2021-04-13 23:09:42.547"
"81","288","85","206","2021-04-13 23:09:44.270"
"82","288","85","21","2021-04-13 23:10:02.542"
"83","337","87","32","2021-04-13 23:10:06.571"
"84","332","88","28","2021-04-13 23:10:06.571"
"85","344","86","35","2021-04-13 23:10:12.075"
"86","341","87","23","2021-04-13 23:10:16.622"
"87","307","85","22","2021-04-13 23:10:28.749"
"88","316","85","53","2021-04-13 23:10:28.749"
"89","325","84","21","2021-04-13 23:10:30.422"
"90","357","86","21","2021-04-13 23:10:32.992"
"91","341","87","7","2021-04-13 23:10:32.992"
"92","360","87","31","2021-04-13 23:10:32.992"
"93","325","84","2","2021-04-13 23:10:50.586"
"94","333","84","37","2021-04-13 23:10:50.586"
"95","346","84","31","2021-04-13 23:10:50.586"
"96","355","84","33","2021-04-13 23:10:50.586"
"97","370","83","19","2021-04-13 23:10:50.586"
"98","349","88","25","2021-04-13 23:11:03.707"
"99","371","88","21","2021-04-13 23:11:03.707"
"100","385","84","25","2021-04-13 23:11:12.498"
"101","386","84","31","2021-04-13 23:11:12.532"
"102","391","86","41","2021-04-13 23:11:17.913"
"103","402","89","21","2021-04-13 23:11:21.453"
"104","403","86","25","2021-04-13 23:11:33.907"
"105","402","89","20","2021-04-13 23:11:41.814"
"106","422","86","47","2021-04-13 23:11:50.140"
"107","399","85","22","2021-04-13 23:11:50.140"
"108","372","83","49","2021-04-13 23:11:50.140"
"109","397","83","108","2021-04-13 23:11:50.140"
"110","426","88","29","2021-04-13 23:11:57.943"
"111","402","89","3","2021-04-13 23:11:57.943"
"112","409","89","25","2021-04-13 23:11:57.943"
"113","428","89","8","2021-04-13 23:11:57.943"
"114","428","89","23","2021-04-13 23:12:04.980"
"115","432","89","14","2021-04-13 23:12:04.980"
"116","449","86","35","2021-04-13 23:12:21.256"
"117","429","85","4","2021-04-13 23:12:21.256"
"118","452","88","22","2021-04-13 23:12:38.846"
"119","455","87","50","2021-04-13 23:12:48.466"
"120","452","88","8","2021-04-13 23:12:48.466"
"121","432","89","16","2021-04-13 23:12:48.466"
"122","434","89","29","2021-04-13 23:12:48.466"
"123","437","89","29","2021-04-13 23:12:48.466"
"124","400","90","4","2021-04-13 23:12:48.466"
"125","400","90","93","2021-04-13 23:12:57.003"
"126","454","86","151","2021-04-13 23:13:08.930"
"127","467","85","41","2021-04-13 23:13:08.930"
"128","406","90","53","2021-04-13 23:13:11.419"
"129","484","82","29","2021-04-13 23:13:22.478"
"130","485","82","24","2021-04-13 23:13:22.478"
"131","487","81","28","2021-04-13 23:13:22.478"
"132","491","84","21","2021-04-13 23:13:25.511"
"133","491","84","21","2021-04-13 23:13:30.139"
"134","508","82","30","2021-04-13 23:13:37.078"
"135","506","83","47","2021-04-13 23:13:37.078"
"136","491","84","23","2021-04-13 23:13:37.078"
"137","514","75","22","2021-04-13 23:13:58.240"
"138","514","75","1","2021-04-13 23:14:09.384"
"139","516","75","70","2021-04-13 23:14:09.384"
"140","541","83","24","2021-04-13 23:14:12.430"
"141","540","76","24","2021-04-13 23:14:13.393"
"142","557","82","25","2021-04-13 23:14:20.571"
"143","554","83","11","2021-04-13 23:14:20.571"
"144","559","78","36","2021-04-13 23:14:22.479"
"145","534","84","22","2021-04-13 23:14:23.298"
"146","565","78","64","2021-04-13 23:14:28.728"
"147","565","78","118","2021-04-13 23:14:31.381"
"148","596","81","50","2021-04-13 23:15:04.931"
"149","596","81","5","2021-04-13 23:15:06.035"
"150","594","82","20","2021-04-13 23:15:13.794"
"151","607","81","29","2021-04-13 23:15:20.691"
"152","617","82","35","2021-04-13 23:15:22.829"
"153","617","82","4","2021-04-13 23:15:23.821"
"154","616","83","24","2021-04-13 23:15:24.161"
"155","621","83","8","2021-04-13 23:15:24.240"
"156","622","83","13","2021-04-13 23:15:24.540"
"157","534","84","19","2021-04-13 23:15:24.540"
"158","526","85","41","2021-04-13 23:15:24.540"
"159","577","85","18","2021-04-13 23:15:24.540"
"160","631","84","21","2021-04-13 23:15:27.168"
"161","632","84","24","2021-04-13 23:15:27.557"
"162","628","83","133","2021-04-13 23:15:30.520"
"163","636","83","26","2021-04-13 23:15:34.991"
"164","620","82","40","2021-04-13 23:15:34.991"
"165","629","82","65","2021-04-13 23:15:34.991"
"166","630","82","21","2021-04-13 23:15:34.991"
"167","644","82","23","2021-04-13 23:15:34.991"
"168","646","82","255","2021-04-13 23:15:34.991"
"169","652","84","24","2021-04-13 23:15:36.292"
"170","657","85","25","2021-04-13 23:15:42.576"
"171","633","86","20","2021-04-13 23:15:46.296"
"172","660","86","36","2021-04-13 23:15:46.296"
"173","683","89","42","2021-04-13 23:16:10.172"
"174","681","88","22","2021-04-13 23:16:21.579"
"175","681","88","27","2021-04-13 23:16:29.211"
"176","681","88","17","2021-04-13 23:16:30.398"
"177","678","87","22","2021-04-13 23:16:30.398"
"178","686","87","43","2021-04-13 23:16:30.398"
"179","676","86","27","2021-04-13 23:16:30.398"
"180","692","93","306","2021-04-13 23:16:37.730"
"181","697","93","33","2021-04-13 23:16:37.730"
"182","700","88","28","2021-04-13 23:16:42.457"
"183","695","87","13","2021-04-13 23:16:42.457"
"184","695","87","10","2021-04-13 23:16:43.883"
"185","676","86","39","2021-04-13 23:16:43.883"
"186","702","89","110","2021-04-13 23:16:46.156"
"187","701","90","20","2021-04-13 23:16:46.157"
"188","709","91","25","2021-04-13 23:16:52.539"
"189","720","90","83","2021-04-13 23:17:32.111"
"190","732","97","28","2021-04-13 23:17:38.847"
"191","716","98","17","2021-04-13 23:17:38.847"
"192","725","91","30","2021-04-13 23:18:08.670"
"193","738","91","8","2021-04-13 23:18:08.670"
"194","738","91","89","2021-04-13 23:18:11.949"
"195","747","92","53","2021-04-13 23:18:28.837"
"196","738","91","35","2021-04-13 23:18:50.734"
"197","771","95","32","2021-04-13 23:19:08.351"
"198","749","99","29","2021-04-13 23:19:41.388"
"199","759","92","30","2021-04-13 23:19:48.170"
"200","767","92","7","2021-04-13 23:19:48.170"
"201","791","98","20","2021-04-13 23:19:54.156"
"202","807","95","28","2021-04-13 23:20:28.026"
"203","817","97","20","2021-04-13 23:20:50.823"
"204","807","95","29","2021-04-13 23:20:54.525"
"205","822","95","20","2021-04-13 23:21:04.999"
"206","819","98","46","2021-04-13 23:21:05.454"
"207","837","97","26","2021-04-13 23:21:06.423"
"208","833","98","23","2021-04-13 23:21:06.423"
"209","793","99","11","2021-04-13 23:21:06.423"
"210","793","99","20","2021-04-13 23:21:07.201"
"211","822","95","17","2021-04-13 23:21:12.498"
"212","803","94","34","2021-04-13 23:21:12.498"
"213","826","94","22","2021-04-13 23:21:20.136"
"214","813","99","43","2021-04-13 23:21:20.203"
"215","826","94","19","2021-04-13 23:21:20.674"
"216","828","94","22","2021-04-13 23:21:20.674"
"217","843","94","25","2021-04-13 23:21:20.674"
"218","844","94","28","2021-04-13 23:21:20.674"
"219","767","92","15","2021-04-13 23:21:20.674"
"220","813","99","31","2021-04-13 23:21:21.379"
"221","860","93","21","2021-04-13 23:21:23.362"
"222","767","92","8","2021-04-13 23:21:23.362"
"223","877","93","20","2021-04-13 23:21:41.601"
"224","871","92","64","2021-04-13 23:21:41.601"
"225","753","91","24","2021-04-13 23:21:41.601"
"226","720","90","53","2021-04-13 23:21:41.601"
"227","740","90","28","2021-04-13 23:21:41.601"
"228","724","89","23","2021-04-13 23:21:41.601"
"229","719","88","35","2021-04-13 23:21:41.601"
"230","676","86","8","2021-04-13 23:21:45.460"
"231","673","84","47","2021-04-13 23:21:45.460"
"232","668","81","5","2021-04-13 23:21:45.460"
"233","885","80","31","2021-04-13 23:21:58.022"
"234","885","80","26","2021-04-13 23:22:00.914"
"235","891","91","53","2021-04-13 23:22:02.285"
"236","886","92","23","2021-04-13 23:22:02.285"
"237","886","92","6","2021-04-13 23:22:04.240"
"238","881","93","22","2021-04-13 23:22:04.240"
"239","879","94","16","2021-04-13 23:22:04.240"
"240","879","94","24","2021-04-13 23:22:04.672"
"241","879","94","24","2021-04-13 23:22:11.579"
"242","915","85","22","2021-04-13 23:22:16.824"
"243","926","94","24","2021-04-13 23:22:23.052"
"244","904","95","26","2021-04-13 23:22:23.052"
"245","938","94","23","2021-04-13 23:22:32.840"
"246","938","94","29","2021-04-13 23:22:32.841"
"247","943","91","29","2021-04-13 23:22:44.132"
"248","943","91","3","2021-04-13 23:22:45.822"
"249","947","91","25","2021-04-13 23:22:47.671"
"250","932","90","78","2021-04-13 23:22:49.610"
"251","941","93","36","2021-04-13 23:22:53.696"
"252","951","93","1","2021-04-13 23:22:53.696"
"253","951","93","45","2021-04-13 23:22:54.947"
"254","938","94","6","2021-04-13 23:22:54.947"
"255","962","93","26","2021-04-13 23:22:58.619"
"256","938","94","18","2021-04-13 23:22:58.619"
"257","959","91","21","2021-04-13 23:23:00.070"
"258","932","90","76","2021-04-13 23:23:00.070"
"259","960","90","83","2021-04-13 23:23:00.070"
"260","967","93","23","2021-04-13 23:23:21.569"
"261","967","93","37","2021-04-13 23:23:28.526"
"262","938","94","52","2021-04-13 23:23:30.970"
"263","975","93","68","2021-04-13 23:23:39.782"
"264","938","94","25","2021-04-13 23:23:58.217"
"265","975","93","11","2021-04-13 23:24:02.133"
"266","970","92","31","2021-04-13 23:24:02.133"
"267","977","92","22","2021-04-13 23:24:02.133"
"268","966","91","36","2021-04-13 23:24:02.133"
"269","974","91","22","2021-04-13 23:24:02.133"
"270","960","90","85","2021-04-13 23:24:02.133"
"271","969","90","36","2021-04-13 23:24:02.133"
"272","936","89","57","2021-04-13 23:24:02.133"
"273","938","94","65","2021-04-13 23:24:05.191"
"274","957","94","45","2021-04-13 23:24:05.191"
"275","904","95","66","2021-04-13 23:24:05.191"
"276","919","95","7","2021-04-13 23:24:05.191"
"277","993","94","23","2021-04-13 23:24:14.298"
"278","919","95","18","2021-04-13 23:24:27.061"
"279","923","96","7","2021-04-13 23:24:27.061"
"280","997","91","29","2021-04-13 23:24:27.155"
"281","995","90","3","2021-04-13 23:24:27.155"
"282","995","90","46","2021-04-13 23:24:29.099"
"283","1017","93","27","2021-04-13 23:24:35.427"
"284","1013","94","6","2021-04-13 23:24:35.427"
"285","1030","93","52","2021-04-13 23:24:54.543"
"286","1047","93","25","2021-04-13 23:24:56.812"
"287","1048","92","20","2021-04-13 23:24:57.625"
"288","1051","92","32","2021-04-13 23:24:58.601"
"289","1062","93","23","2021-04-13 23:25:10.311"
"290","1065","92","32","2021-04-13 23:25:14.271"
"291","1065","92","30","2021-04-13 23:25:16.178"
"292","1065","92","25","2021-04-13 23:25:33.485"
"293","1005","90","23","2021-04-13 23:25:39.517"
"294","1056","90","22","2021-04-13 23:25:39.517"
"295","1056","90","32","2021-04-13 23:26:02.793"
"296","1076","91","22","2021-04-13 23:26:03.185"
"297","1080","91","30","2021-04-13 23:26:08.445"
"298","1085","92","45","2021-04-13 23:26:33.870"
"299","1097","91","25","2021-04-13 23:26:39.058"
"300","944","89","25","2021-04-13 23:26:46.273"
"301","944","89","5","2021-04-13 23:26:49.886"
"302","1012","89","22","2021-04-13 23:26:49.886"
"303","1106","90","31","2021-04-13 23:27:06.580"
"304","1062","93","154","2021-04-13 23:27:08.987"
"305","1093","93","147","2021-04-13 23:27:08.987"
"306","1094","93","69","2021-04-13 23:27:08.987"
"307","1095","93","50","2021-04-13 23:27:08.987"
"308","1096","93","21","2021-04-13 23:27:08.987"
"309","1037","94","29","2021-04-13 23:27:08.987"
"310","1063","94","40","2021-04-13 23:27:08.987"
"311","1116","97","53","2021-04-13 23:27:35.164"
"312","1121","98","10","2021-04-13 23:27:35.164"
"313","1128","97","26","2021-04-13 23:27:46.563"
"314","1127","91","33","2021-04-13 23:27:50.757"
"315","1120","90","2","2021-04-13 23:27:50.758"
"316","1120","90","45","2021-04-13 23:27:51.211"
"317","1012","89","25","2021-04-13 23:27:51.211"
"318","1014","89","51","2021-04-13 23:27:51.211"
"319","1025","89","36","2021-04-13 23:27:51.211"
"320","1128","97","357","2021-04-13 23:27:56.230"
"321","1145","97","20","2021-04-13 23:28:38.526"
"322","1163","96","38","2021-04-13 23:28:45.625"
"323","1163","96","22","2021-04-13 23:28:54.356"
"324","1145","97","27","2021-04-13 23:29:01.782"
"325","1132","98","23","2021-04-13 23:29:18.451"
"326","1137","98","16","2021-04-13 23:29:18.451"
"327","1184","90","21","2021-04-13 23:29:21.953"
"328","1175","89","1","2021-04-13 23:29:21.953"
"329","1197","90","29","2021-04-13 23:29:29.816"
"330","1175","89","24","2021-04-13 23:29:40.095"
"331","1213","97","20","2021-04-13 23:29:49.144"
"332","1137","98","10","2021-04-13 23:29:49.144"
"333","1140","98","60","2021-04-13 23:29:49.144"
"334","1183","98","22","2021-04-13 23:29:49.144"
"335","1196","98","108","2021-04-13 23:29:49.144"
"336","1196","98","25","2021-04-13 23:29:50.006"
"337","1253","89","22","2021-04-13 23:30:12.766"
"338","1256","92","23","2021-04-13 23:30:15.337"
"339","1247","93","1","2021-04-13 23:30:15.337"
"340","1270","90","20","2021-04-13 23:30:26.958"
"341","1289","97","21","2021-04-13 23:30:32.482"
"342","1210","88","21","2021-04-13 23:30:33.455"
"343","1309","88","21","2021-04-13 23:30:38.862"
"344","1329","86","29","2021-04-13 23:30:47.595"
"345","1326","95","41","2021-04-13 23:30:56.698"
"346","1289","97","33","2021-04-13 23:30:56.698"
"347","1289","97","45","2021-04-13 23:30:57.340"
"348","1341","88","23","2021-04-13 23:31:06.520"
"349","1341","88","31","2021-04-13 23:31:08.055"
"350","1337","87","5","2021-04-13 23:31:08.055"
"351","1349","96","122","2021-04-13 23:31:16.245"
"352","1289","97","62","2021-04-13 23:31:16.245"
"353","1289","97","24","2021-04-13 23:31:36.665"
"354","1289","97","212","2021-04-13 23:31:41.601"
"355","1344","98","43","2021-04-13 23:31:41.601"
"356","1364","92","22","2021-04-13 23:31:51.410"
"357","1366","95","30","2021-04-13 23:32:03.013"
"358","1389","93","51","2021-04-13 23:32:51.823"
"359","1384","92","25","2021-04-13 23:32:51.823"
"360","1360","91","85","2021-04-13 23:32:51.823"
"361","1370","91","33","2021-04-13 23:32:51.823"
"362","1387","91","59","2021-04-13 23:32:51.823"
"363","1352","90","48","2021-04-13 23:32:51.823"
"364","1401","92","34","2021-04-13 23:33:00.169"
"365","1401","92","46","2021-04-13 23:33:06.607"
"366","1401","92","59","2021-04-13 23:33:23.515"
"367","1401","92","79","2021-04-13 23:33:23.578"
"368","1394","93","18","2021-04-13 23:33:23.578"
"369","1413","92","76","2021-04-13 23:33:32.857"
"370","1348","89","25","2021-04-13 23:34:00.013"
"371","1424","89","10","2021-04-13 23:34:00.013"
"372","1443","91","32","2021-04-13 23:34:11.065"
"373","1443","91","26","2021-04-13 23:34:17.161"
"374","1445","90","20","2021-04-13 23:34:19.448"
"375","1424","89","37","2021-04-13 23:34:49.912"
"376","1466","90","24","2021-04-13 23:34:55.849"
"377","1457","91","25","2021-04-13 23:34:55.849"
"378","1439","92","67","2021-04-13 23:34:55.849"
"379","1474","89","25","2021-04-13 23:34:58.914"
"380","1476","91","57","2021-04-13 23:34:59.675"
"381","1439","92","15","2021-04-13 23:34:59.675"
"382","1451","92","61","2021-04-13 23:34:59.675"
"383","1474","89","37","2021-04-13 23:35:06.311"
"384","1487","91","46","2021-04-13 23:35:25.823"
"385","1494","91","49","2021-04-13 23:35:37.016"
"386","1484","90","38","2021-04-13 23:35:37.017"
"387","1500","87","24","2021-04-13 23:35:43.255"
"388","1510","91","24","2021-04-13 23:35:54.999"
"389","1509","90","22","2021-04-13 23:35:57.484"
"390","1515","90","41","2021-04-13 23:35:59.129"
"391","1511","89","24","2021-04-13 23:35:59.601"
"392","1511","89","8","2021-04-13 23:35:59.911"
"393","1512","89","25","2021-04-13 23:35:59.911"
"394","1512","89","6","2021-04-13 23:36:02.943"
"395","1513","89","41","2021-04-13 23:36:02.943"
"396","1515","90","137","2021-04-13 23:36:11.770"
"397","1524","91","25","2021-04-13 23:36:29.266"
"398","1451","92","11","2021-04-13 23:36:29.266"
"399","1455","92","27","2021-04-13 23:36:29.266"
"400","1477","92","69","2021-04-13 23:36:29.266"
"401","1482","93","43","2021-04-13 23:37:08.673"
"402","1482","93","5","2021-04-13 23:37:12.317"
"403","1489","93","26","2021-04-13 23:37:12.317"
"404","1546","92","44","2021-04-13 23:37:18.465"
"405","1489","93","15","2021-04-13 23:37:19.322"
"406","1523","93","23","2021-04-13 23:37:19.322"
"407","1542","94","72","2021-04-13 23:37:19.480"
"408","1551","93","21","2021-04-13 23:37:20.711"
"409","1558","96","33","2021-04-13 23:38:08.175"
"410","1560","96","30","2021-04-13 23:38:08.175"
"411","1557","95","109","2021-04-13 23:38:08.175"
"412","1556","94","22","2021-04-13 23:38:08.175"
"413","1551","93","14","2021-04-13 23:38:08.175"
"414","1550","92","33","2021-04-13 23:38:08.175"
"415","1534","91","44","2021-04-13 23:38:08.175"
"416","1533","89","34","2021-04-13 23:38:08.175"
"417","1563","102","27","2021-04-13 23:38:31.662"
"418","1565","103","33","2021-04-13 23:38:31.662"
"419","1568","100","32","2021-04-13 23:38:36.917"
"420","1573","102","77","2021-04-13 23:38:39.877"
"421","1585","101","60","2021-04-13 23:38:57.146"
"422","1585","101","17","2021-04-13 23:38:57.640"
"423","1580","100","84","2021-04-13 23:38:57.640"
"424","1582","99","26","2021-04-13 23:38:57.640"
"425","1583","99","21","2021-04-13 23:38:57.640"
"426","1609","102","34","2021-04-13 23:39:29.501"
"427","1625","99","50","2021-04-13 23:39:39.828"
"428","1620","98","4","2021-04-13 23:39:39.828"
"429","1633","100","41","2021-04-13 23:39:51.767"
"430","1650","101","36","2021-04-13 23:40:08.242"
"431","1633","100","228","2021-04-13 23:40:08.242"
"432","1651","100","31","2021-04-13 23:40:08.242"
"433","1632","99","51","2021-04-13 23:40:08.242"
"434","1638","99","25","2021-04-13 23:40:08.242"
"435","1641","99","31","2021-04-13 23:40:08.242"
"436","1646","99","39","2021-04-13 23:40:08.242"
"437","1620","98","38","2021-04-13 23:40:08.242"
"438","1602","97","50","2021-04-13 23:40:08.242"
"439","1622","97","41","2021-04-13 23:40:08.242"
"440","1630","97","29","2021-04-13 23:40:08.242"
"441","1631","97","58","2021-04-13 23:40:08.242"
"442","1613","96","68","2021-04-13 23:40:08.242"
"443","1667","100","25","2021-04-13 23:40:15.502"
"444","1667","100","29","2021-04-13 23:40:20.642"
"445","1663","99","41","2021-04-13 23:40:20.642"
"446","1648","105","76","2021-04-13 23:40:23.867"
"447","1664","105","6","2021-04-13 23:40:23.867"
"448","1661","98","45","2021-04-13 23:40:26.884"
"449","1661","98","47","2021-04-13 23:40:26.993"
"450","1679","97","68","2021-04-13 23:40:27.556"
"451","1649","106","23","2021-04-13 23:40:27.826"
"452","1649","106","25","2021-04-13 23:40:35.192"
"453","1658","106","50","2021-04-13 23:40:36.717"
"454","1684","105","25","2021-04-13 23:40:36.719"
"455","1691","99","27","2021-04-13 23:40:40.070"
"456","1692","98","57","2021-04-13 23:40:40.070"
"457","1692","98","50","2021-04-13 23:40:43.292"
"458","1697","99","46","2021-04-13 23:40:43.700"
"459","1692","98","2","2021-04-13 23:40:43.700"
"460","1708","101","141","2021-04-13 23:41:00.087"
"461","1658","106","5","2021-04-13 23:41:08.287"
"462","1694","106","39","2021-04-13 23:41:08.287"
"463","1720","108","21","2021-04-13 23:41:15.777"
"464","1733","102","56","2021-04-13 23:41:25.512"
"465","1708","101","5","2021-04-13 23:41:25.512"
"466","1741","102","29","2021-04-13 23:41:45.605"
"467","1750","110","24","2021-04-13 23:41:51.739"
"468","1750","110","2","2021-04-13 23:41:52.732"
"469","1738","112","18","2021-04-13 23:41:52.732"
"470","1752","103","109","2021-04-13 23:41:56.248"
"471","1765","106","32","2021-04-13 23:42:14.177"
"472","1765","106","135","2021-04-13 23:42:41.354"
"473","1759","105","23","2021-04-13 23:42:41.354"
"474","1774","105","16","2021-04-13 23:42:41.354"
"475","1774","105","28","2021-04-13 23:42:41.370"
"476","1775","105","29","2021-04-13 23:42:41.370"
"477","1757","104","21","2021-04-13 23:42:41.370"
"478","1762","104","31","2021-04-13 23:42:41.370"
"479","1764","104","33","2021-04-13 23:42:41.370"
"480","1752","103","16","2021-04-13 23:42:41.370"
"481","1758","103","23","2021-04-13 23:42:41.370"
"482","1741","102","34","2021-04-13 23:42:41.370"
"483","1737","101","24","2021-04-13 23:42:41.370"
"484","1744","101","57","2021-04-13 23:42:41.370"
"485","1744","101","64","2021-04-13 23:42:43.708"
"486","1707","100","45","2021-04-13 23:42:43.708"
"487","1807","101","28","2021-04-13 23:43:56.783"
"488","1807","101","106","2021-04-13 23:44:03.218"
"489","1800","105","54","2021-04-13 23:44:09.424"
"490","1795","106","102","2021-04-13 23:44:09.424"
"491","1802","106","33","2021-04-13 23:44:09.424"
"492","1806","106","26","2021-04-13 23:44:09.424"
"493","1778","108","121","2021-04-13 23:44:09.424"
"494","1786","108","1","2021-04-13 23:44:09.424"
"495","1786","108","24","2021-04-13 23:44:25.380"
"496","1776","109","9","2021-04-13 23:44:25.381"
"497","1860","106","33","2021-04-13 23:45:38.615"
"498","1871","107","57","2021-04-13 23:45:44.846"
"499","1870","106","23","2021-04-13 23:45:44.924"
"500","1866","105","25","2021-04-13 23:45:44.924"
"501","1878","107","54","2021-04-13 23:45:48.424"
"502","1858","108","21","2021-04-13 23:45:50.642"
"503","1883","107","23","2021-04-13 23:45:55.826"
"504","1875","106","16","2021-04-13 23:45:55.826"
"505","1858","108","23","2021-04-13 23:45:57.183"
"506","1875","106","28","2021-04-13 23:46:11.971"
"507","1891","105","45","2021-04-13 23:46:13.160"
"508","1893","105","25","2021-04-13 23:46:13.160"
"509","1849","104","24","2021-04-13 23:46:13.160"
"510","1853","104","37","2021-04-13 23:46:13.160"
"511","1847","103","25","2021-04-13 23:46:13.160"
"512","1827","102","1","2021-04-13 23:46:13.160"
"513","1900","101","30","2021-04-13 23:46:25.606"
"514","1794","100","28","2021-04-13 23:46:25.606"
"515","1901","108","24","2021-04-13 23:46:38.368"
"516","1854","109","206","2021-04-13 23:47:25.248"
"517","1881","109","73","2021-04-13 23:47:25.248"
"518","1902","109","112","2021-04-13 23:47:25.248"
"519","1902","109","29","2021-04-13 23:47:28.475"
"520","1902","109","33","2021-04-13 23:47:34.422"
"521","1954","103","24","2021-04-13 23:48:11.290"
"522","1956","104","23","2021-04-13 23:48:13.191"
"523","1954","103","14","2021-04-13 23:48:13.191"
"524","1942","102","29","2021-04-13 23:48:13.191"
"525","1908","109","28","2021-04-13 23:48:27.144"
"526","1919","110","38","2021-04-13 23:48:27.144"
"527","1924","110","69","2021-04-13 23:48:27.144"
"528","1927","110","21","2021-04-13 23:48:27.144"
"529","1930","110","74","2021-04-13 23:48:27.144"
"530","1976","105","22","2021-04-13 23:49:57.022"
"531","1987","106","23","2021-04-13 23:50:23.131"
"532","1985","107","49","2021-04-13 23:50:28.076"
"533","1997","105","25","2021-04-13 23:50:28.999"
"534","1973","104","40","2021-04-13 23:50:28.999"
"535","1991","104","20","2021-04-13 23:50:28.999"
"536","2002","105","48","2021-04-13 23:50:30.176"
"537","2014","104","31","2021-04-13 23:50:41.429"
"538","2021","104","42","2021-04-13 23:50:41.808"
"539","2002","105","27","2021-04-13 23:50:42.080"
"540","2017","105","28","2021-04-13 23:50:42.080"
"541","2020","105","20","2021-04-13 23:50:42.080"
"542","1999","106","19","2021-04-13 23:50:42.080"
"543","1961","102","27","2021-04-13 23:50:46.550"
"544","1972","102","142","2021-04-13 23:50:46.550"
"545","1944","101","11","2021-04-13 23:50:46.550"
"546","1944","101","12","2021-04-13 23:50:47.660"
"547","1947","101","19","2021-04-13 23:50:47.660"
"548","1999","106","13","2021-04-13 23:50:58.636"
"549","2025","107","8","2021-04-13 23:50:58.636"
"550","2025","107","21","2021-04-13 23:50:59.125"
"551","2025","107","1","2021-04-13 23:50:59.494"
"552","2041","107","24","2021-04-13 23:50:59.494"
"553","2045","102","20","2021-04-13 23:51:03.034"
"554","1947","101","8","2021-04-13 23:51:03.034"
"555","2012","101","21","2021-04-13 23:51:05.590"
"556","2041","107","48","2021-04-13 23:51:15.327"
"557","2064","102","143","2021-04-13 23:51:16.340"
"558","2041","107","62","2021-04-13 23:51:16.933"
"559","1913","100","31","2021-04-13 23:51:21.536"
"560","1914","100","11","2021-04-13 23:51:21.536"
"561","2086","101","22","2021-04-13 23:51:25.333"
"562","2086","101","2","2021-04-13 23:51:28.683"
"563","2091","101","20","2021-04-13 23:51:33.587"
"564","1914","100","143","2021-04-13 23:51:35.608"
"565","2063","100","21","2021-04-13 23:51:35.609"
"566","2072","100","59","2021-04-13 23:51:35.609"
"567","2100","100","24","2021-04-13 23:51:43.316"
"568","2091","101","40","2021-04-13 23:51:43.490"
"569","2094","101","37","2021-04-13 23:51:43.490"
"570","2100","100","25","2021-04-13 23:51:44.369"
"571","2100","100","18","2021-04-13 23:51:46.058"
"572","1798","99","23","2021-04-13 23:51:46.058"
"573","2077","99","40","2021-04-13 23:51:46.058"
"574","2078","99","8","2021-04-13 23:51:46.058"
"575","2106","101","35","2021-04-13 23:51:46.115"
"576","2085","99","25","2021-04-13 23:51:55.899"
"577","2110","98","12","2021-04-13 23:51:55.899"
"578","2109","100","49","2021-04-13 23:51:57.247"
"579","2122","99","24","2021-04-13 23:51:58.081"
"580","2109","100","24","2021-04-13 23:51:58.425"
"581","2116","98","21","2021-04-13 23:52:11.032"
"582","2118","98","4","2021-04-13 23:52:11.032"
"583","2119","98","39","2021-04-13 23:52:17.885"
"584","2133","97","40","2021-04-13 23:52:17.885"
"585","2133","97","21","2021-04-13 23:52:18.057"
"586","2133","97","33","2021-04-13 23:52:20.186"
"587","2139","97","85","2021-04-13 23:52:20.186"
"588","2154","91","34","2021-04-13 23:52:25.690"
"589","2155","91","21","2021-04-13 23:52:25.690"
"590","2156","91","24","2021-04-13 23:52:25.690"
"591","2174","95","37","2021-04-13 23:52:38.589"
"592","2170","87","23","2021-04-13 23:52:42.687"
"593","2196","95","39","2021-04-13 23:53:29.984"
"594","2196","95","23","2021-04-13 23:53:42.102"
"595","2196","95","23","2021-04-13 23:53:42.315"
"596","2251","91","28","2021-04-13 23:54:19.964"
"597","2251","91","6","2021-04-13 23:54:20.808"
"598","2247","92","22","2021-04-13 23:54:21.916"
"599","2247","92","48","2021-04-13 23:54:24.353"
"600","2247","92","134","2021-04-13 23:54:24.665"
"601","2274","94","28","2021-04-13 23:54:34.009"
"602","2229","95","23","2021-04-13 23:54:34.009"
"603","2276","94","21","2021-04-13 23:54:36.332"
"604","2229","95","42","2021-04-13 23:54:36.332"
"605","2258","91","38","2021-04-13 23:54:40.048"
"606","2284","94","23","2021-04-13 23:54:52.555"
"607","2229","95","3","2021-04-13 23:54:52.555"
"608","2280","92","28","2021-04-13 23:54:52.768"
"609","2286","91","27","2021-04-13 23:54:55.538"
"610","2237","90","25","2021-04-13 23:54:57.682"
"611","2260","90","20","2021-04-13 23:54:57.682"
"612","2260","90","4","2021-04-13 23:55:23.520"
"613","2294","90","22","2021-04-13 23:55:23.520"
"614","2299","93","20","2021-04-13 23:55:32.090"
"615","2300","92","23","2021-04-13 23:55:33.468"
"616","2299","93","24","2021-04-13 23:55:35.405"
"617","2299","93","2","2021-04-13 23:55:53.064"
"618","2306","94","26","2021-04-13 23:55:53.064"
"619","2306","94","6","2021-04-13 23:55:54.118"
"620","2229","95","31","2021-04-13 23:55:54.141"
"621","2270","95","13","2021-04-13 23:55:54.141"
"622","2312","94","56","2021-04-13 23:56:00.735"
"623","2270","95","46","2021-04-13 23:56:02.159"
"624","2270","95","15","2021-04-13 23:56:02.340"
"625","2271","95","21","2021-04-13 23:56:02.340"
"626","2272","95","21","2021-04-13 23:56:02.340"
"627","2217","96","36","2021-04-13 23:56:02.340"
"628","2310","93","23","2021-04-13 23:56:04.827"
"629","2314","93","2","2021-04-13 23:56:04.827"
"630","2217","96","3","2021-04-13 23:56:06.997"
"631","2283","96","25","2021-04-13 23:56:06.997"
"632","2315","96","16","2021-04-13 23:56:06.997"
"633","2330","94","71","2021-04-13 23:56:08.848"
"634","2329","95","21","2021-04-13 23:56:08.848"
"635","2315","96","208","2021-04-13 23:56:08.848"
"636","2319","96","27","2021-04-13 23:56:08.848"
"637","2181","97","32","2021-04-13 23:56:08.848"
"638","2326","97","26","2021-04-13 23:56:08.848"
"639","2135","100","154","2021-04-13 23:56:08.848"
"640","2101","102","38","2021-04-13 23:56:08.848"
"641","2089","103","22","2021-04-13 23:56:08.848"
"642","2341","98","47","2021-04-13 23:56:28.282"
"643","2359","94","22","2021-04-13 23:56:43.155"
"644","2363","91","21","2021-04-13 23:56:43.322"
"645","2294","90","32","2021-04-13 23:56:43.322"
"646","2366","90","44","2021-04-13 23:56:43.322"
"647","2367","90","53","2021-04-13 23:56:43.322"
"648","2359","94","30","2021-04-13 23:56:51.375"
"649","2364","94","53","2021-04-13 23:57:01.686"
"650","2364","94","38","2021-04-13 23:57:01.765"
"651","2364","94","12","2021-04-13 23:57:02.262"
"652","2365","94","29","2021-04-13 23:57:02.262"
"653","2403","91","40","2021-04-13 23:57:06.963"
"654","2404","90","26","2021-04-13 23:57:06.963"
"655","2400","92","40","2021-04-13 23:57:08.483"
"656","2409","88","27","2021-04-13 23:57:10.568"
"657","2400","92","30","2021-04-13 23:57:11.704"
"658","2417","91","27","2021-04-13 23:57:26.245"
"659","2424","92","122","2021-04-13 23:57:26.245"
"660","2439","91","54","2021-04-13 23:57:35.599"
"661","2424","92","26","2021-04-13 23:57:35.599"
"662","2428","86","38","2021-04-13 23:57:37.116"
"663","2450","91","41","2021-04-13 23:57:46.639"
"664","2424","92","50","2021-04-13 23:57:46.639"
"665","2427","92","68","2021-04-13 23:57:46.639"
"666","2432","92","194","2021-04-13 23:57:46.639"
"667","2453","92","118","2021-04-13 23:57:46.639"
"668","2396","93","166","2021-04-13 23:57:46.639"
"669","2407","93","21","2021-04-13 23:57:46.639"
"670","2414","93","34","2021-04-13 23:57:46.639"
"671","2398","94","26","2021-04-13 23:57:46.639"
"672","2389","95","21","2021-04-13 23:57:46.639"
"673","2391","95","376","2021-04-13 23:57:46.639"
"674","2391","95","52","2021-04-13 23:57:47.008"
"675","2428","86","53","2021-04-13 23:58:14.674"
"676","2429","86","9","2021-04-13 23:58:14.674"
"677","2480","92","44","2021-04-13 23:58:24.557"
"678","2483","91","28","2021-04-13 23:58:30.737"
"679","2480","92","1","2021-04-13 23:58:30.737"
"680","2480","92","21","2021-04-13 23:58:30.738"
"681","2494","89","38","2021-04-13 23:58:39.054"
"682","2495","94","108","2021-04-13 23:58:39.563"
"683","2497","94","124","2021-04-13 23:58:39.564"
"684","2504","97","74","2021-04-13 23:58:49.355"
"685","2505","98","325","2021-04-13 23:58:49.355"
"686","2511","98","75","2021-04-13 23:58:49.355"
"687","2537","91","23","2021-04-13 23:58:58.389"
"688","2540","90","46","2021-04-13 23:58:58.507"
"689","2543","90","2","2021-04-13 23:59:02.132"
"690","2533","92","27","2021-04-13 23:59:02.132"
"691","2538","92","6","2021-04-13 23:59:02.132"
"692","2550","91","39","2021-04-13 23:59:03.262"
"693","2538","92","31","2021-04-13 23:59:03.263"
"694","2541","92","45","2021-04-13 23:59:03.263"
"695","2549","93","20","2021-04-13 23:59:03.263"
"696","2526","94","41","2021-04-13 23:59:03.263"
"697","2556","93","23","2021-04-13 23:59:04.931"
"698","2526","94","11","2021-04-13 23:59:04.931"
"699","2554","88","27","2021-04-13 23:59:05.317"
"700","2526","94","20","2021-04-13 23:59:06.105"
"701","2525","95","12","2021-04-13 23:59:06.105"
"702","2576","89","21","2021-04-13 23:59:10.955"
"703","2584","92","40","2021-04-13 23:59:13.326"
"704","2578","93","15","2021-04-13 23:59:13.326"
"705","2592","92","22","2021-04-13 23:59:17.679"
"706","2593","91","89","2021-04-13 23:59:18.083"
"707","2592","92","4","2021-04-13 23:59:19.175"
"708","2597","92","48","2021-04-13 23:59:19.272"
"709","2588","93","47","2021-04-13 23:59:21.676"
"710","2602","92","52","2021-04-13 23:59:22.118"
"711","2593","91","15","2021-04-13 23:59:22.118"
"712","2607","91","23","2021-04-13 23:59:26.371"
"713","2581","90","48","2021-04-13 23:59:26.371"
"714","2608","95","45","2021-04-13 23:59:27.870"
"715","2581","90","27","2021-04-13 23:59:28.288"
"716","2596","90","32","2021-04-13 23:59:28.288"
"717","2611","90","98","2021-04-13 23:59:28.288"
"718","2611","90","24","2021-04-13 23:59:28.701"
"719","2620","92","20","2021-04-13 23:59:37.887"
"720","2619","93","2","2021-04-13 23:59:37.887"
"721","2628","92","32","2021-04-13 23:59:44.678"
"722","2633","91","51","2021-04-13 23:59:47.349"
"723","2576","89","3","2021-04-13 23:59:58.556"
"724","2590","89","67","2021-04-13 23:59:58.556"
"725","2644","86","28","2021-04-13 23:59:58.981"
"726","2651","89","22","2021-04-13 23:59:59.610"
"727","2628","92","15","2021-04-13 23:59:59.619"
"728","2638","92","12","2021-04-13 23:59:59.619"
"729","2638","92","13","2021-04-13 23:59:59.620"
"730","2641","92","8","2021-04-13 23:59:59.620"
"731","2657","91","24","2021-04-13 23:59:59.623"
"732","2661","91","23","2021-04-13 23:59:59.624"
"733","2648","92","24","2021-04-13 23:59:59.629"
"734","2648","92","55","2021-04-13 23:59:59.630"
"735","2648","92","18","2021-04-13 23:59:59.632"
"736","2662","91","31","2021-04-13 23:59:59.645"
"737","2671","92","25","2021-04-13 23:59:59.646"
"738","2662","91","73","2021-04-13 23:59:59.659"
"739","2654","90","28","2021-04-13 23:59:59.663"
"740","2666","90","40","2021-04-13 23:59:59.663"
"741","2692","91","22","2021-04-13 23:59:59.681"
"742","2692","91","31","2021-04-13 23:59:59.685"
"743","2691","88","21","2021-04-13 23:59:59.688"
"744","2693","87","1","2021-04-13 23:59:59.688"
"745","2701","89","22","2021-04-13 23:59:59.692"
"746","2704","88","43","2021-04-13 23:59:59.695"
"747","2693","87","26","2021-04-13 23:59:59.699"
"748","2712","85","21","2021-04-13 23:59:59.711"
"749","2712","85","48","2021-04-13 23:59:59.714"
"750","2718","84","25","2021-04-13 23:59:59.717"
"751","2719","84","32","2021-04-13 23:59:59.720"
"752","2719","84","49","2021-04-13 23:59:59.721"
"753","2719","84","25","2021-04-13 23:59:59.724"
"754","2720","83","51","2021-04-13 23:59:59.727"
"755","2726","83","30","2021-04-13 23:59:59.731"
"756","2719","84","5","2021-04-13 23:59:59.731"
"757","2733","82","208","2021-04-13 23:59:59.740"
"758","2731","81","176","2021-04-13 23:59:59.743"
"759","2735","81","94","2021-04-13 23:59:59.743"
"760","2741","80","21","2021-04-13 23:59:59.760"
"761","2749","80","25","2021-04-13 23:59:59.761"
"762","2761","74","51","2021-04-13 23:59:59.800"
"763","2781","74","25","2021-04-13 23:59:59.831"
"764","2801","73","100","2021-04-13 23:59:59.869"
"765","2793","78","27","2021-04-13 23:59:59.876"
"766","2798","78","18","2021-04-13 23:59:59.876"
"767","2798","78","7","2021-04-13 23:59:59.878"
"768","2790","80","43","2021-04-13 23:59:59.878"
"769","2792","80","1","2021-04-13 23:59:59.878"
"770","2792","80","37","2021-04-13 23:59:59.879"
"771","2826","79","22","2021-04-13 23:59:59.902"
"772","2824","78","26","2021-04-13 23:59:59.906"
"773","2830","78","94","2021-04-13 23:59:59.908"
"774","2830","78","74","2021-04-13 23:59:59.910"
"775","2818","77","70","2021-04-13 23:59:59.911"
"776","2839","78","21","2021-04-13 23:59:59.925"
"777","2844","78","30","2021-04-13 23:59:59.931"
"778","2840","77","44","2021-04-13 23:59:59.932"
"779","2832","76","3","2021-04-13 23:59:59.932"
"780","2852","77","26","2021-04-13 23:59:59.946"
"781","2853","78","29","2021-04-13 23:59:59.952"
"782","2855","76","30","2021-04-13 23:59:59.959"
"783","2859","77","21","2021-04-13 23:59:59.962"
"784","2865","77","33","2021-04-13 23:59:59.976"
"785","2865","77","6","2021-04-13 23:59:59.983"
"786","2873","77","37","2021-04-13 23:59:59.984"
"787","2855","76","7","2021-04-13 23:59:59.987"
"788","2890","72","21","2021-04-14 00:04:24.900"
"789","2888","73","7","2021-04-14 00:04:24.900"
"790","2904","72","52","2021-04-14 00:04:42.483"
"791","2883","74","23","2021-04-14 00:04:57.314"
"792","2909","69","46","2021-04-14 00:05:07.591"
"793","2926","73","30","2021-04-14 00:05:16.738"
"794","2895","74","31","2021-04-14 00:05:16.738"
"795","2903","74","22","2021-04-14 00:05:16.738"
"796","2880","75","302","2021-04-14 00:05:16.738"
"797","2949","75","22","2021-04-14 00:05:34.588"
"798","2949","75","7","2021-04-14 00:05:34.592"
"799","2945","74","20","2021-04-14 00:05:34.592"
"800","2931","76","23","2021-04-14 00:05:37.143"
"801","2874","77","149","2021-04-14 00:05:37.143"
"802","2878","77","36","2021-04-14 00:05:37.143"
"803","2879","77","26","2021-04-14 00:05:37.143"
"804","2947","77","312","2021-04-14 00:05:37.143"
"805","2947","77","43","2021-04-14 00:05:37.646"
"806","2963","76","24","2021-04-14 00:05:39.931"
"807","2947","77","27","2021-04-14 00:05:40.115"
"808","2947","77","28","2021-04-14 00:05:40.412"
"809","2947","77","40","2021-04-14 00:05:41.133"
"810","2963","76","2","2021-04-14 00:05:41.238"
"811","2973","76","22","2021-04-14 00:05:41.538"
"812","2973","76","90","2021-04-14 00:05:41.567"
"813","2981","76","156","2021-04-14 00:05:43.818"
"814","2979","75","21","2021-04-14 00:05:44.462"
"815","2945","74","7","2021-04-14 00:05:44.462"
"816","2951","74","1","2021-04-14 00:05:44.462"
"817","2981","76","62","2021-04-14 00:05:46.361"
"818","2947","77","128","2021-04-14 00:05:53.857"
"819","2948","77","20","2021-04-14 00:05:53.857"
"820","2950","77","68","2021-04-14 00:05:53.857"
"821","2958","77","27","2021-04-14 00:05:53.857"
"822","2958","77","11","2021-04-14 00:05:54.192"
"823","2977","77","11","2021-04-14 00:05:54.192"
"824","3010","73","28","2021-04-14 00:05:55.965"
"825","2942","72","118","2021-04-14 00:05:55.965"
"826","2989","72","23","2021-04-14 00:05:56.419"
"827","2994","72","22","2021-04-14 00:05:56.419"
"828","2996","72","10","2021-04-14 00:05:56.419"
"829","3009","76","65","2021-04-14 00:05:58.322"
"830","3016","76","22","2021-04-14 00:05:58.322"
"831","3017","76","56","2021-04-14 00:05:58.322"
"832","2977","77","10","2021-04-14 00:05:58.322"
"833","2991","77","755","2021-04-14 00:05:58.322"
"834","3026","75","20","2021-04-14 00:05:58.840"
"835","3026","75","22","2021-04-14 00:06:04.468"
"836","3022","74","20","2021-04-14 00:06:04.505"
"837","3029","74","96","2021-04-14 00:06:04.505"
"838","3021","73","140","2021-04-14 00:06:04.505"
"839","2996","72","43","2021-04-14 00:06:04.505"
"840","3000","72","22","2021-04-14 00:06:04.505"
"841","3005","71","24","2021-04-14 00:06:04.505"
"842","3015","71","41","2021-04-14 00:06:04.505"
"843","2928","70","54","2021-04-14 00:06:04.505"
"844","2933","70","21","2021-04-14 00:06:04.505"
"845","2909","69","1113","2021-04-14 00:06:04.505"
"846","2909","69","26","2021-04-14 00:06:07.331"
"847","3044","70","33","2021-04-14 00:06:09.995"
"848","2909","69","118","2021-04-14 00:06:09.995"
"849","2909","69","48","2021-04-14 00:06:14.573"
"850","3059","72","29","2021-04-14 00:06:37.797"
"851","3056","71","21","2021-04-14 00:06:37.797"
"852","3054","70","24","2021-04-14 00:06:37.797"
"853","3057","70","28","2021-04-14 00:06:37.797"
"854","3038","68","52","2021-04-14 00:06:37.798"
"855","3043","68","59","2021-04-14 00:06:37.798"
"856","3051","68","55","2021-04-14 00:06:37.798"
"857","3052","68","24","2021-04-14 00:06:37.798"
"858","3068","73","48","2021-04-14 00:06:55.619"
"859","3063","72","29","2021-04-14 00:06:55.619"
"860","3036","75","20","2021-04-14 00:07:23.415"
"861","3062","75","27","2021-04-14 00:07:43.477"
"862","3087","74","28","2021-04-14 00:07:43.906"
"863","3080","73","30","2021-04-14 00:07:43.906"
"864","3086","72","27","2021-04-14 00:07:43.906"
"865","3062","75","69","2021-04-14 00:07:46.905"
"866","3097","64","53","2021-04-14 00:07:57.255"
"867","3097","64","25","2021-04-14 00:08:05.295"
"868","3096","74","35","2021-04-14 00:08:07.436"
"869","3062","75","114","2021-04-14 00:08:07.436"
"870","3097","64","58","2021-04-14 00:08:11.660"
"871","3097","64","21","2021-04-14 00:08:13.177"
"872","3097","64","74","2021-04-14 00:08:19.280"
"873","3072","75","24","2021-04-14 00:08:31.733"
"874","3028","77","50","2021-04-14 00:08:31.733"
"875","2999","78","2","2021-04-14 00:08:31.733"
"876","3097","64","144","2021-04-14 00:08:51.598"
"877","3097","64","29","2021-04-14 00:09:11.090"
"878","3128","80","32","2021-04-14 00:09:26.440"
"879","3118","81","7","2021-04-14 00:09:26.440"
"880","3138","79","21","2021-04-14 00:09:34.929"
"881","3143","67","62","2021-04-14 00:09:36.100"
"882","3141","66","33","2021-04-14 00:09:36.100"
"883","3129","65","6","2021-04-14 00:09:36.100"
"884","3152","77","25","2021-04-14 00:09:45.731"
"885","3163","73","37","2021-04-14 00:09:55.532"
"886","3165","73","38","2021-04-14 00:09:56.807"
"887","3159","74","37","2021-04-14 00:09:56.807"
"888","3174","72","65","2021-04-14 00:10:00.443"
"889","3181","66","20","2021-04-14 00:10:03.370"
"890","3177","65","1","2021-04-14 00:10:03.370"
"891","3177","65","22","2021-04-14 00:10:10.231"
"892","3203","65","28","2021-04-14 00:10:14.696"
"893","3137","64","15","2021-04-14 00:10:14.696"
"894","3211","65","24","2021-04-14 00:10:20.196"
"895","3137","64","21","2021-04-14 00:10:20.196"
"896","3137","64","22","2021-04-14 00:10:40.049"
"897","3191","64","31","2021-04-14 00:10:40.049"
"898","3237","70","26","2021-04-14 00:10:44.664"
"899","3227","71","32","2021-04-14 00:10:44.665"
"900","3184","72","30","2021-04-14 00:10:44.665"
"901","3197","72","125","2021-04-14 00:10:44.665"
"902","3236","72","57","2021-04-14 00:10:44.665"
"903","3236","72","43","2021-04-14 00:10:45.210"
"904","3262","68","25","2021-04-14 00:10:55.166"
"905","3258","67","27","2021-04-14 00:10:55.166"
"906","3260","66","25","2021-04-14 00:10:55.166"
"907","3261","66","29","2021-04-14 00:10:55.166"
"908","3248","65","7","2021-04-14 00:10:55.166"
"909","3270","72","21","2021-04-14 00:10:59.121"
"910","3247","73","20","2021-04-14 00:10:59.121"
"911","3247","73","7","2021-04-14 00:11:04.873"
"912","3167","74","19","2021-04-14 00:11:04.873"
"913","3167","74","3","2021-04-14 00:11:05.211"
"914","3267","74","35","2021-04-14 00:11:05.211"
"915","3268","74","36","2021-04-14 00:11:05.211"
"916","3296","72","305","2021-04-14 00:11:30.462"
"917","3296","72","346","2021-04-14 00:11:30.806"
"918","3276","70","42","2021-04-14 00:11:35.296"
"919","3296","72","65","2021-04-14 00:11:38.783"
"920","3307","71","21","2021-04-14 00:11:43.669"
"921","3308","71","44","2021-04-14 00:11:43.716"
"922","3316","70","34","2021-04-14 00:12:03.531"
"923","3316","70","2","2021-04-14 00:12:03.618"
"924","3319","70","28","2021-04-14 00:12:06.393"
"925","3306","69","26","2021-04-14 00:12:13.333"
"926","3317","71","81","2021-04-14 00:12:15.226"
"927","3296","72","34","2021-04-14 00:12:15.226"
"928","3332","70","25","2021-04-14 00:12:19.735"
"929","3322","69","52","2021-04-14 00:12:19.814"
"930","3332","70","48","2021-04-14 00:12:21.179"
"931","3329","71","31","2021-04-14 00:12:22.522"
"932","3340","71","42","2021-04-14 00:12:25.190"
"933","3336","70","28","2021-04-14 00:12:25.190"
"934","3322","69","46","2021-04-14 00:12:25.190"
"935","3322","69","26","2021-04-14 00:12:35.251"
"936","3346","70","145","2021-04-14 00:12:38.328"
"937","3344","71","33","2021-04-14 00:12:57.980"
"938","3358","67","26","2021-04-14 00:12:59.739"
"939","3271","66","6","2021-04-14 00:12:59.739"
"940","3347","71","26","2021-04-14 00:13:03.167"
"941","3375","70","29","2021-04-14 00:13:06.550"
"942","3381","71","47","2021-04-14 00:13:07.842"
"943","3385","69","26","2021-04-14 00:13:12.100"
"944","3381","71","17","2021-04-14 00:13:26.841"
"945","3388","70","20","2021-04-14 00:13:45.356"
"946","3413","71","26","2021-04-14 00:13:46.995"
"947","3417","71","44","2021-04-14 00:13:48.485"
"948","3422","71","8","2021-04-14 00:13:48.692"
"949","3388","70","38","2021-04-14 00:13:48.930"
"950","3424","71","14","2021-04-14 00:13:51.383"
"951","3414","72","7","2021-04-14 00:13:51.383"
"952","3430","71","26","2021-04-14 00:13:51.959"
"953","3430","71","7","2021-04-14 00:13:52.442"
"954","3414","72","22","2021-04-14 00:13:53.543"
"955","3414","72","24","2021-04-14 00:13:55.015"
"956","3414","72","44","2021-04-14 00:13:56.234"
"957","3433","71","27","2021-04-14 00:13:56.537"
"958","3444","71","39","2021-04-14 00:13:59.947"
"959","3450","71","43","2021-04-14 00:14:02.822"
"960","3451","71","40","2021-04-14 00:14:03.075"
"961","3452","71","13","2021-04-14 00:14:10.138"
"962","3423","70","20","2021-04-14 00:14:10.138"
"963","3385","69","20","2021-04-14 00:14:10.138"
"964","3385","69","22","2021-04-14 00:14:10.728"
"965","3385","69","25","2021-04-14 00:14:11.060"
"966","3420","72","49","2021-04-14 00:14:32.050"
"967","3421","72","81","2021-04-14 00:14:32.050"
"968","3446","69","21","2021-04-14 00:14:36.371"
"969","3493","70","26","2021-04-14 00:14:57.505"
"970","3496","70","51","2021-04-14 00:14:57.505"
"971","3502","71","27","2021-04-14 00:15:01.467"
"972","3486","69","47","2021-04-14 00:15:15.404"
"973","3521","71","25","2021-04-14 00:15:45.070"
"974","3518","70","20","2021-04-14 00:15:45.070"
"975","3486","69","26","2021-04-14 00:15:45.070"
"976","3528","80","29","2021-04-14 00:15:55.626"
"977","3539","71","47","2021-04-14 00:16:11.671"
"978","3538","70","21","2021-04-14 00:16:11.671"
"979","3486","69","62","2021-04-14 00:16:11.671"
"980","3549","73","25","2021-04-14 00:16:17.475"
"981","3552","70","69","2021-04-14 00:16:27.818"
"982","3486","69","58","2021-04-14 00:16:36.546"
"983","3565","70","21","2021-04-14 00:16:42.358"
"984","3565","70","32","2021-04-14 00:16:47.945"
"985","3565","70","24","2021-04-14 00:16:50.702"
"986","3577","70","34","2021-04-14 00:17:01.173"
"987","3583","70","26","2021-04-14 00:17:57.367"
"988","3486","69","52","2021-04-14 00:18:02.648"
"989","3583","70","1062","2021-04-14 00:18:03.109"
"990","3486","69","60","2021-04-14 00:18:03.123"
"991","3583","70","22","2021-04-14 00:18:04.546"
"992","3486","69","130","2021-04-14 00:18:04.979"
"993","3486","69","21","2021-04-14 00:18:15.453"
"994","3462","68","22","2021-04-14 00:18:38.463"
"995","3615","69","36","2021-04-14 00:18:57.110"
"996","3609","70","49","2021-04-14 00:18:57.110"
"997","3620","69","24","2021-04-14 00:19:03.838"
"998","3620","69","20","2021-04-14 00:19:04.840"
"999","3621","70","24","2021-04-14 00:19:04.840"
"1000","3462","68","3","2021-04-14 00:19:14.792"
"1001","3517","68","71","2021-04-14 00:19:14.792"
"1002","3531","68","114","2021-04-14 00:19:14.792"
"1003","3634","72","26","2021-04-14 00:19:48.814"
"1004","3637","70","24","2021-04-14 00:19:56.965"
"1005","3635","69","9","2021-04-14 00:19:56.965"
"1006","3633","73","40","2021-04-14 00:20:42.868"
"1007","3652","69","22","2021-04-14 00:20:57.591"
"1008","3658","76","38","2021-04-14 00:21:01.789"
"1009","3658","76","25","2021-04-14 00:21:06.792"
"1010","3665","75","32","2021-04-14 00:21:28.494"
"1011","3658","76","29","2021-04-14 00:21:28.494"
"1012","3667","76","10","2021-04-14 00:21:28.494"
"1013","3667","76","21","2021-04-14 00:21:30.667"
"1014","3655","77","15","2021-04-14 00:21:30.667"
"1015","3655","77","37","2021-04-14 00:21:33.386"
"1016","3682","73","21","2021-04-14 00:21:53.643"
"1017","3666","72","32","2021-04-14 00:21:55.125"
"1018","3689","73","24","2021-04-14 00:21:57.936"
"1019","3687","74","16","2021-04-14 00:21:57.936"
"1020","3693","73","26","2021-04-14 00:22:04.075"
"1021","3701","68","28","2021-04-14 00:22:19.972"
"1022","3704","67","53","2021-04-14 00:22:19.972"
"1023","3704","67","304","2021-04-14 00:22:24.414"
"1024","3687","74","22","2021-04-14 00:22:25.531"
"1025","3687","74","41","2021-04-14 00:22:29.711"
"1026","3690","74","21","2021-04-14 00:22:29.711"
"1027","3733","64","23","2021-04-14 00:22:43.442"
"1028","3747","65","171","2021-04-14 00:22:44.241"
"1029","3754","71","22","2021-04-14 00:22:52.034"
"1030","3753","67","27","2021-04-14 00:22:53.745"
"1031","3762","71","22","2021-04-14 00:23:03.597"
"1032","3743","72","52","2021-04-14 00:23:03.597"
"1033","3763","69","20","2021-04-14 00:23:03.784"
"1034","3748","72","34","2021-04-14 00:23:07.538"
"1035","3748","72","20","2021-04-14 00:23:07.539"
"1036","3748","72","30","2021-04-14 00:23:14.771"
"1037","3773","71","20","2021-04-14 00:23:18.211"
"1038","3748","72","23","2021-04-14 00:23:19.620"
"1039","3773","71","20","2021-04-14 00:23:21.732"
"1040","3773","71","26","2021-04-14 00:23:25.331"
"1041","3791","71","29","2021-04-14 00:23:32.536"
"1042","3758","72","65","2021-04-14 00:23:37.695"
"1043","3791","71","4","2021-04-14 00:23:53.689"
"1044","3782","70","107","2021-04-14 00:23:53.689"
"1045","3796","70","35","2021-04-14 00:23:53.689"
"1046","3765","68","58","2021-04-14 00:23:53.689"
"1047","3753","67","118","2021-04-14 00:23:53.689"
"1048","3739","63","33","2021-04-14 00:23:53.689"
"1049","3739","63","1","2021-04-14 00:23:56.570"
"1050","3742","63","25","2021-04-14 00:23:56.570"
"1051","3811","65","28","2021-04-14 00:24:32.825"
"1052","3820","67","34","2021-04-14 00:24:52.635"
"1053","3819","68","24","2021-04-14 00:24:54.600"
"1054","3819","68","63","2021-04-14 00:24:55.775"
"1055","3830","68","81","2021-04-14 00:24:55.775"
"1056","3833","69","634","2021-04-14 00:24:55.775"
"1057","3833","69","71","2021-04-14 00:24:56.871"
"1058","3829","66","50","2021-04-14 00:24:57.531"
"1059","3841","64","41","2021-04-14 00:24:59.538"
"1060","3843","67","60","2021-04-14 00:24:59.721"
"1061","3843","67","51","2021-04-14 00:25:00.566"
"1062","3842","68","79","2021-04-14 00:25:08.888"
"1063","3848","68","21","2021-04-14 00:25:08.888"
"1064","3863","68","41","2021-04-14 00:25:09.949"
"1065","3833","69","46","2021-04-14 00:25:10.211"
"1066","3833","69","551","2021-04-14 00:25:11.222"
"1067","3833","69","48","2021-04-14 00:25:11.700"
"1068","3833","69","29","2021-04-14 00:25:12.007"
"1069","3863","68","20","2021-04-14 00:25:13.575"
"1070","3863","68","90","2021-04-14 00:25:14.309"
"1071","3851","69","25","2021-04-14 00:25:14.553"
"1072","3802","70","23","2021-04-14 00:25:14.553"
"1073","3805","70","42","2021-04-14 00:25:14.553"
"1074","3880","69","43","2021-04-14 00:25:15.984"
"1075","3863","68","25","2021-04-14 00:25:15.984"
"1076","3882","69","32","2021-04-14 00:25:16.988"
"1077","3883","69","23","2021-04-14 00:25:18.044"
"1078","3883","69","6","2021-04-14 00:25:21.581"
"1079","3889","69","21","2021-04-14 00:25:23.740"
"1080","3805","70","9","2021-04-14 00:25:24.152"
"1081","3869","70","20","2021-04-14 00:25:24.152"
"1082","3873","70","2","2021-04-14 00:25:24.152"
"1083","3903","70","25","2021-04-14 00:25:30.153"
"1084","3897","71","39","2021-04-14 00:25:30.522"
"1085","3898","71","27","2021-04-14 00:25:30.522"
"1086","3921","75","340","2021-04-14 00:25:55.639"
"1087","3921","75","53","2021-04-14 00:26:08.130"
"1088","3928","76","25","2021-04-14 00:26:16.070"
"1089","3931","77","36","2021-04-14 00:26:19.344"
"1090","3946","77","46","2021-04-14 00:26:29.838"
"1091","3947","76","22","2021-04-14 00:26:31.787"
"1092","3946","77","6","2021-04-14 00:26:32.229"
"1093","3941","78","21","2021-04-14 00:26:32.229"
"1094","3915","79","119","2021-04-14 00:26:32.229"
"1095","3925","80","39","2021-04-14 00:26:32.229"
"1096","3926","80","25","2021-04-14 00:26:32.229"
"1097","3960","84","22","2021-04-14 00:26:40.048"
"1098","3961","76","22","2021-04-14 00:26:41.122"
"1099","3960","84","16","2021-04-14 00:26:42.123"
"1100","3956","86","38","2021-04-14 00:26:42.123"
"1101","3956","86","94","2021-04-14 00:26:44.466"
"1102","3958","86","30","2021-04-14 00:26:49.455"
"1103","3979","84","28","2021-04-14 00:26:56.070"
"1104","3988","80","71","2021-04-14 00:27:00.287"
"1105","3995","81","36","2021-04-14 00:27:12.078"
"1106","3988","80","71","2021-04-14 00:27:12.078"
"1107","3998","81","77","2021-04-14 00:27:17.239"
"1108","4006","82","22","2021-04-14 00:27:29.108"
"1109","4010","85","21","2021-04-14 00:27:33.114"
"1110","4025","87","62","2021-04-14 00:27:52.857"
"1111","4022","86","40","2021-04-14 00:27:52.857"
"1112","4014","85","29","2021-04-14 00:27:52.857"
"1113","4013","84","34","2021-04-14 00:27:52.857"
"1114","4016","84","35","2021-04-14 00:27:52.857"
"1115","4017","84","20","2021-04-14 00:27:52.857"
"1116","4008","83","279","2021-04-14 00:27:52.857"
"1117","4006","82","76","2021-04-14 00:27:52.857"
"1118","4012","82","92","2021-04-14 00:27:52.857"
"1119","3998","81","137","2021-04-14 00:27:52.857"
"1120","4019","94","23","2021-04-14 00:27:56.976"
"1121","4034","86","46","2021-04-14 00:28:01.708"
"1122","4040","85","33","2021-04-14 00:28:24.109"
"1123","4049","79","26","2021-04-14 00:28:36.339"
"1124","4049","79","1","2021-04-14 00:28:42.507"
"1125","4054","79","21","2021-04-14 00:28:56.244"
"1126","4057","79","7","2021-04-14 00:28:57.849"
"1127","4058","79","48","2021-04-14 00:29:03.345"
"1128","4079","82","33","2021-04-14 00:29:38.405"
"1129","4075","81","32","2021-04-14 00:29:38.405"
"1130","4075","81","5","2021-04-14 00:29:40.603"
"1131","4068","80","28","2021-04-14 00:29:40.603"
"1132","4076","80","4","2021-04-14 00:29:40.603"
"1133","4089","80","49","2021-04-14 00:29:45.460"
"1134","4094","81","20","2021-04-14 00:29:46.846"
"1135","4089","80","36","2021-04-14 00:29:46.846"
"1136","4069","85","22","2021-04-14 00:29:48.849"
"1137","4078","85","332","2021-04-14 00:29:48.849"
"1138","4129","80","117","2021-04-14 00:30:12.260"
"1139","4110","84","21","2021-04-14 00:30:16.061"
"1140","4113","84","1","2021-04-14 00:30:16.061"
"1141","4113","84","59","2021-04-14 00:30:22.561"
"1142","4138","83","43","2021-04-14 00:30:22.653"
"1143","4131","84","26","2021-04-14 00:30:30.605"
"1144","4078","85","3","2021-04-14 00:30:30.605"
"1145","4136","81","87","2021-04-14 00:30:35.424"
"1146","4136","81","16","2021-04-14 00:30:50.523"
"1147","4148","81","14","2021-04-14 00:30:50.523"
"1148","4176","84","25","2021-04-14 00:31:12.616"
"1149","4176","84","27","2021-04-14 00:31:15.872"
"1150","4181","84","6","2021-04-14 00:31:18.600"
"1151","4177","83","54","2021-04-14 00:31:18.600"
"1152","4173","82","22","2021-04-14 00:31:18.600"
"1153","4178","82","41","2021-04-14 00:31:18.600"
"1154","4180","82","28","2021-04-14 00:31:18.600"
"1155","4172","81","306","2021-04-14 00:31:18.600"
"1156","4175","81","34","2021-04-14 00:31:18.600"
"1157","4160","80","123","2021-04-14 00:31:18.600"
"1158","4164","80","57","2021-04-14 00:31:18.600"
"1159","4165","80","32","2021-04-14 00:31:18.600"
"1160","4167","80","28","2021-04-14 00:31:18.600"
"1161","4097","79","52","2021-04-14 00:31:18.600"
"1162","4062","78","4","2021-04-14 00:31:18.600"
"1163","4062","78","34","2021-04-14 00:31:27.935"
"1164","4062","78","166","2021-04-14 00:31:31.316"
"1165","4191","84","129","2021-04-14 00:31:33.066"
"1166","4191","84","30","2021-04-14 00:31:40.036"
"1167","4062","78","28","2021-04-14 00:31:43.442"
"1168","4201","81","22","2021-04-14 00:31:51.607"
"1169","4200","82","35","2021-04-14 00:31:52.222"
"1170","4204","81","35","2021-04-14 00:32:05.994"
"1171","4200","82","35","2021-04-14 00:32:06.189"
"1172","4203","82","25","2021-04-14 00:32:06.189"
"1173","4204","81","24","2021-04-14 00:32:06.660"
"1174","4204","81","485","2021-04-14 00:32:09.459"
"1175","4197","83","24","2021-04-14 00:32:57.841"
"1176","4205","83","40","2021-04-14 00:32:57.841"
"1177","4238","82","34","2021-04-14 00:33:55.310"
"1178","4231","81","141","2021-04-14 00:33:55.310"
"1179","4230","80","28","2021-04-14 00:33:55.310"
"1180","4217","79","21","2021-04-14 00:33:55.310"
"1181","4062","78","74","2021-04-14 00:33:55.310"
"1182","4106","78","161","2021-04-14 00:33:55.310"
"1183","4127","78","21","2021-04-14 00:33:55.310"
"1184","4189","77","25","2021-04-14 00:33:55.310"
"1185","3921","75","3413","2021-04-14 00:33:55.310"
"1186","4247","76","27","2021-04-14 00:34:04.089"
"1187","4245","82","34","2021-04-14 00:35:26.589"
"1188","4245","82","29","2021-04-14 00:35:26.922"
"1189","4236","83","2","2021-04-14 00:35:26.922"
"1190","4266","76","95","2021-04-14 00:36:03.309"
"1191","3949","75","19","2021-04-14 00:36:03.309"
"1192","4279","83","29","2021-04-14 00:36:26.118"
"1193","4277","78","44","2021-04-14 00:36:27.229"
"1194","4274","77","3","2021-04-14 00:36:27.229"
"1195","4284","82","21","2021-04-14 00:36:29.047"
"1196","4284","82","52","2021-04-14 00:36:31.955"
"1197","4279","83","14","2021-04-14 00:36:31.955"
"1198","4191","84","2","2021-04-14 00:36:31.955"
"1199","4274","77","29","2021-04-14 00:36:47.847"
"1200","4288","77","32","2021-04-14 00:36:47.847"
"1201","4289","77","16","2021-04-14 00:36:47.847"
"1202","4276","76","35","2021-04-14 00:37:16.774"
"1203","4282","76","54","2021-04-14 00:37:16.774"
"1204","4312","78","26","2021-04-14 00:37:43.821"
"1205","4308","77","27","2021-04-14 00:37:43.821"
"1206","4282","76","15","2021-04-14 00:37:43.821"
"1207","4307","80","24","2021-04-14 00:37:44.443"
"1208","4282","76","30","2021-04-14 00:37:47.260"
"1209","4282","76","21","2021-04-14 00:37:59.455"
"1210","4282","76","26","2021-04-14 00:37:59.631"
"1211","4321","77","24","2021-04-14 00:38:10.681"
"1212","4321","77","3","2021-04-14 00:38:11.155"
"1213","4315","79","221","2021-04-14 00:38:13.348"
"1214","4337","78","22","2021-04-14 00:38:14.035"
"1215","4337","78","27","2021-04-14 00:38:14.133"
"1216","4315","79","23","2021-04-14 00:38:14.135"
"1217","4337","78","22","2021-04-14 00:38:15.673"
"1218","4337","78","38","2021-04-14 00:38:15.722"
"1219","4337","78","31","2021-04-14 00:38:15.813"
"1220","4315","79","16","2021-04-14 00:38:16.045"
"1221","4320","79","21","2021-04-14 00:38:16.045"
"1222","4337","78","54","2021-04-14 00:38:16.890"
"1223","4320","79","15","2021-04-14 00:38:17.859"
"1224","4307","80","81","2021-04-14 00:38:18.060"
"1225","4354","79","12","2021-04-14 00:38:18.455"
"1226","4307","80","6","2021-04-14 00:38:21.466"
"1227","4316","80","15","2021-04-14 00:38:21.466"
"1228","4365","78","44","2021-04-14 00:38:21.693"
"1229","4376","78","40","2021-04-14 00:38:26.103"
"1230","4348","80","20","2021-04-14 00:38:27.813"
"1231","4348","80","69","2021-04-14 00:38:28.400"
"1232","4352","80","22","2021-04-14 00:38:28.974"
"1233","4353","80","36","2021-04-14 00:38:28.974"
"1234","4353","80","39","2021-04-14 00:38:30.011"
"1235","4353","80","21","2021-04-14 00:38:30.379"
"1236","4403","80","22","2021-04-14 00:38:41.773"
"1237","4406","78","20","2021-04-14 00:38:42.027"
"1238","4342","77","17","2021-04-14 00:38:42.027"
"1239","4427","74","35","2021-04-14 00:39:03.788"
"1240","4426","73","18","2021-04-14 00:39:03.788"
"1241","4426","73","12","2021-04-14 00:39:04.509"
"1242","4420","72","34","2021-04-14 00:39:05.112"
"1243","4454","68","29","2021-04-14 00:39:13.236"
"1244","4454","68","14","2021-04-14 00:39:14.848"
"1245","4453","69","11","2021-04-14 00:39:14.848"
"1246","4456","65","24","2021-04-14 00:39:15.623"
"1247","4456","65","48","2021-04-14 00:39:15.887"
"1248","4456","65","70","2021-04-14 00:39:17.781"
"1249","4476","68","25","2021-04-14 00:39:18.611"
"1250","4476","68","35","2021-04-14 00:39:23.936"
"1251","4453","69","11","2021-04-14 00:39:23.936"
"1252","4458","69","12","2021-04-14 00:39:23.936"
"1253","4493","68","43","2021-04-14 00:39:27.478"
"1254","4458","69","12","2021-04-14 00:39:27.478"
"1255","4459","69","4","2021-04-14 00:39:27.478"
"1256","4459","69","95","2021-04-14 00:39:28.158"
"1257","4464","69","21","2021-04-14 00:39:28.158"
"1258","4479","69","92","2021-04-14 00:39:28.158"
"1259","4497","66","46","2021-04-14 00:39:34.698"
"1260","4480","69","23","2021-04-14 00:39:39.402"
"1261","4449","70","24","2021-04-14 00:39:39.402"
"1262","4503","64","38","2021-04-14 00:39:46.486"
"1263","4520","65","35","2021-04-14 00:40:04.707"
"1264","4503","64","7","2021-04-14 00:40:04.707"
"1265","4532","68","20","2021-04-14 00:40:05.907"
"1266","4538","67","34","2021-04-14 00:40:06.371"
"1267","4532","68","1","2021-04-14 00:40:06.371"
"1268","4546","65","57","2021-04-14 00:40:13.836"
"1269","4546","65","34","2021-04-14 00:40:14.367"
"1270","4549","66","44","2021-04-14 00:40:15.744"
"1271","4546","65","55","2021-04-14 00:40:16.940"
"1272","4549","66","2","2021-04-14 00:40:17.314"
"1273","4548","67","21","2021-04-14 00:40:19.244"
"1274","4556","67","19","2021-04-14 00:40:19.244"
"1275","4558","66","24","2021-04-14 00:40:27.748"
"1276","4558","66","31","2021-04-14 00:40:38.177"
"1277","4556","67","20","2021-04-14 00:40:39.019"
"1278","4558","66","21","2021-04-14 00:40:45.635"
"1279","4558","66","50","2021-04-14 00:40:47.527"
"1280","4556","67","54","2021-04-14 00:40:57.599"
"1281","4558","66","22","2021-04-14 00:41:04.147"
"1282","4556","67","23","2021-04-14 00:41:09.315"
"1283","4575","65","21","2021-04-14 00:41:12.670"
"1284","4503","64","7","2021-04-14 00:41:12.670"
"1285","4524","64","17","2021-04-14 00:41:12.670"
"1286","4586","65","44","2021-04-14 00:41:20.758"
"1287","4524","64","15","2021-04-14 00:41:24.599"
"1288","4525","64","14","2021-04-14 00:41:24.599"
"1289","4587","65","26","2021-04-14 00:41:47.068"
"1290","4585","66","30","2021-04-14 00:41:50.129"
"1291","4590","65","92","2021-04-14 00:41:50.638"
"1292","4597","65","35","2021-04-14 00:41:55.388"
"1293","4525","64","22","2021-04-14 00:41:57.101"
"1294","4531","64","16","2021-04-14 00:41:57.101"
"1295","4531","64","36","2021-04-14 00:42:01.059"
"1296","4531","64","34","2021-04-14 00:42:01.767"
"1297","4584","63","21","2021-04-14 00:42:05.455"
"1298","4584","63","137","2021-04-14 00:42:18.009"
"1299","4641","66","25","2021-04-14 00:42:39.637"
"1300","4556","67","73","2021-04-14 00:42:39.637"
"1301","4556","67","30","2021-04-14 00:42:39.719"
"1302","4619","67","43","2021-04-14 00:42:50.421"
"1303","4668","64","31","2021-04-14 00:43:38.933"
"1304","4673","65","22","2021-04-14 00:43:44.500"
"1305","4661","66","23","2021-04-14 00:43:44.500"
"1306","4619","67","1","2021-04-14 00:43:44.500"
"1307","4672","63","33","2021-04-14 00:43:55.246"
"1308","4674","63","36","2021-04-14 00:43:55.246"
"1309","4679","63","54","2021-04-14 00:43:55.246"
"1310","4680","63","44","2021-04-14 00:43:55.246"
"1311","4688","62","32","2021-04-14 00:43:55.246"
"1312","4692","65","60","2021-04-14 00:43:56.299"
"1313","4687","66","40","2021-04-14 00:43:56.299"
"1314","4644","67","38","2021-04-14 00:43:56.299"
"1315","4662","67","23","2021-04-14 00:43:56.299"
"1316","4671","67","21","2021-04-14 00:43:56.299"
"1317","4532","68","19","2021-04-14 00:43:56.299"
"1318","4539","68","35","2021-04-14 00:43:56.299"
"1319","4560","68","21","2021-04-14 00:43:56.299"
"1320","4565","68","26","2021-04-14 00:43:56.299"
"1321","4566","68","105","2021-04-14 00:43:56.299"
"1322","4570","68","35","2021-04-14 00:43:56.299"
"1323","4611","68","43","2021-04-14 00:43:56.299"
"1324","4612","68","52","2021-04-14 00:43:56.299"
"1325","4613","68","30","2021-04-14 00:43:56.299"
"1326","4626","68","38","2021-04-14 00:43:56.299"
"1327","4657","68","33","2021-04-14 00:43:56.299"
"1328","4660","68","36","2021-04-14 00:43:56.299"
"1329","4676","68","21","2021-04-14 00:43:56.299"
"1330","4541","69","235","2021-04-14 00:43:56.299"
"1331","4547","69","45","2021-04-14 00:43:56.299"
"1332","4522","70","20","2021-04-14 00:43:56.299"
"1333","4447","71","51","2021-04-14 00:43:56.299"
"1334","4508","71","88","2021-04-14 00:43:56.299"
"1335","4510","71","54","2021-04-14 00:43:56.299"
"1336","4440","75","115","2021-04-14 00:43:56.299"
"1337","4428","77","38","2021-04-14 00:43:56.299"
"1338","4435","77","23","2021-04-14 00:43:56.299"
"1339","4419","78","86","2021-04-14 00:43:56.299"
"1340","4417","79","34","2021-04-14 00:43:56.299"
"1341","4369","81","34","2021-04-14 00:43:56.299"
"1342","4384","81","27","2021-04-14 00:43:56.299"
"1343","4404","81","39","2021-04-14 00:43:56.299"
"1344","4397","82","29","2021-04-14 00:43:56.299"
"1345","4401","82","86","2021-04-14 00:43:56.299"
"1346","4301","83","26","2021-04-14 00:43:56.299"
"1347","4283","84","38","2021-04-14 00:43:56.299"
"1348","4705","65","22","2021-04-14 00:44:12.408"
"1349","4695","64","9","2021-04-14 00:44:12.408"
"1350","4700","70","23","2021-04-14 00:44:14.330"
"1351","4707","71","25","2021-04-14 00:44:14.330"
"1352","4695","64","15","2021-04-14 00:44:15.870"
"1353","4702","64","35","2021-04-14 00:44:15.870"
"1354","4717","65","25","2021-04-14 00:44:29.837"
"1355","4702","64","8","2021-04-14 00:44:29.837"
"1356","4703","64","27","2021-04-14 00:44:29.837"
"1357","4726","66","25","2021-04-14 00:44:44.457"
"1358","4727","67","26","2021-04-14 00:44:44.746"
"1359","4729","67","3","2021-04-14 00:44:44.746"
"1360","4731","66","28","2021-04-14 00:44:51.184"
"1361","4730","65","27","2021-04-14 00:45:19.671"
"1362","4744","65","54","2021-04-14 00:45:51.389"
"1363","4706","64","302","2021-04-14 00:45:51.389"
"1364","4718","64","14","2021-04-14 00:45:51.389"
"1365","4729","67","21","2021-04-14 00:46:13.832"
"1366","4745","64","37","2021-04-14 00:46:40.100"
"1367","4763","66","21","2021-04-14 00:46:45.108"
"1368","4745","64","10","2021-04-14 00:47:03.917"
"1369","4779","64","24","2021-04-14 00:47:15.532"
"1370","4788","58","36","2021-04-14 00:47:23.115"
"1371","4789","57","27","2021-04-14 00:47:23.115"
"1372","4773","66","213","2021-04-14 00:47:23.267"
"1373","4773","66","67","2021-04-14 00:47:25.924"
"1374","4789","57","32","2021-04-14 00:47:28.365"
"1375","4773","66","58","2021-04-14 00:47:31.744"
"1376","4789","57","43","2021-04-14 00:47:37.660"
"1377","4789","57","5","2021-04-14 00:47:40.012"
"1378","4804","63","35","2021-04-14 00:48:01.215"
"1379","4826","59","22","2021-04-14 00:48:44.249"
"1380","4831","59","23","2021-04-14 00:48:50.668"
"1381","4821","60","16","2021-04-14 00:48:50.668"
"1382","4849","56","31","2021-04-14 00:49:11.767"
"1383","4834","55","6","2021-04-14 00:49:11.767"
"1384","4852","57","25","2021-04-14 00:49:13.143"
"1385","4846","58","21","2021-04-14 00:49:13.143"
"1386","4840","59","49","2021-04-14 00:49:20.665"
"1387","4866","57","24","2021-04-14 00:49:24.777"
"1388","4864","58","1","2021-04-14 00:49:24.777"
"1389","4871","56","24","2021-04-14 00:49:29.025"
"1390","4834","55","25","2021-04-14 00:49:29.025"
"1391","4844","54","1291","2021-04-14 00:49:29.025"
"1392","4874","57","34","2021-04-14 00:49:29.739"
"1393","4874","57","33","2021-04-14 00:49:31.043"
"1394","4875","55","264","2021-04-14 00:49:31.091"
"1395","4855","54","20","2021-04-14 00:49:31.091"
"1396","4897","51","29","2021-04-14 00:50:05.907"
"1397","4874","57","22","2021-04-14 00:50:07.141"
"1398","4891","57","42","2021-04-14 00:50:07.141"
"1399","4867","58","66","2021-04-14 00:50:07.141"
"1400","4884","58","59","2021-04-14 00:50:07.141"
"1401","4920","51","35","2021-04-14 00:50:16.865"
"1402","4905","50","6","2021-04-14 00:50:16.865"
"1403","4921","56","32","2021-04-14 00:50:17.064"
"1404","4919","57","36","2021-04-14 00:50:17.064"
"1405","4923","57","2","2021-04-14 00:50:17.064"
"1406","4944","54","31","2021-04-14 00:50:27.216"
"1407","4943","55","27","2021-04-14 00:50:28.346"
"1408","4933","56","7","2021-04-14 00:50:28.346"
"1409","4955","55","29","2021-04-14 00:50:30.825"
"1410","4955","55","26","2021-04-14 00:50:34.068"
"1411","4933","56","39","2021-04-14 00:50:44.135"
"1412","4939","56","22","2021-04-14 00:50:44.135"
"1413","4923","57","24","2021-04-14 00:50:44.135"
"1414","4899","58","25","2021-04-14 00:50:44.135"
"1415","4814","61","62","2021-04-14 00:50:44.135"
"1416","4804","63","10","2021-04-14 00:50:44.135"
"1417","4803","64","44","2021-04-14 00:50:44.135"
"1418","4806","64","21","2021-04-14 00:50:44.135"
"1419","4729","67","3","2021-04-14 00:50:44.135"
"1420","4793","67","43","2021-04-14 00:50:44.135"
"1421","4799","67","28","2021-04-14 00:50:44.135"
"1422","4957","53","27","2021-04-14 00:50:45.335"
"1423","4969","54","24","2021-04-14 00:50:50.893"
"1424","4957","53","39","2021-04-14 00:50:50.893"
"1425","4931","52","10","2021-04-14 00:50:50.893"
"1426","4970","62","23","2021-04-14 00:50:52.640"
"1427","4967","63","15","2021-04-14 00:50:52.640"
"1428","4967","63","20","2021-04-14 00:50:55.959"
"1429","4967","63","48","2021-04-14 00:50:56.778"
"1430","4993","56","26","2021-04-14 00:51:16.075"
"1431","5012","60","25","2021-04-14 00:51:38.568"
"1432","5011","59","22","2021-04-14 00:51:38.568"
"1433","5010","58","30","2021-04-14 00:51:46.076"
"1434","5007","57","26","2021-04-14 00:51:46.076"
"1435","4993","56","13","2021-04-14 00:51:46.076"
"1436","4993","56","34","2021-04-14 00:51:46.118"
"1437","5008","56","11","2021-04-14 00:51:46.118"
"1438","5023","62","27","2021-04-14 00:51:59.456"
"1439","5017","63","58","2021-04-14 00:51:59.456"
"1440","5002","64","21","2021-04-14 00:51:59.456"
"1441","5002","64","26","2021-04-14 00:52:07.100"
"1442","5070","58","37","2021-04-14 00:52:35.557"
"1443","5070","58","7","2021-04-14 00:52:36.540"
"1444","5060","57","64","2021-04-14 00:52:36.540"
"1445","5071","57","42","2021-04-14 00:52:36.540"
"1446","5076","57","86","2021-04-14 00:52:36.540"
"1447","5067","61","47","2021-04-14 00:52:37.072"
"1448","5091","59","66","2021-04-14 00:52:43.225"
"1449","5067","61","107","2021-04-14 00:52:47.276"
"1450","5097","58","27","2021-04-14 00:52:47.408"
"1451","5103","60","29","2021-04-14 00:52:51.885"
"1452","5097","58","5","2021-04-14 00:53:06.799"
"1453","5108","58","26","2021-04-14 00:53:06.799"
"1454","5096","57","23","2021-04-14 00:53:08.208"
"1455","5111","59","20","2021-04-14 00:53:59.490"
"1456","5111","59","11","2021-04-14 00:54:04.107"
"1457","5118","59","13","2021-04-14 00:54:04.107"
"1458","5131","58","149","2021-04-14 00:54:05.666"
"1459","5131","58","181","2021-04-14 00:54:24.257"
"1460","5118","59","47","2021-04-14 00:54:27.706"
"1461","5131","58","21","2021-04-14 00:54:32.633"
"1462","5131","58","32","2021-04-14 00:54:40.809"
"1463","5118","59","51","2021-04-14 00:54:42.880"
"1464","5103","60","4","2021-04-14 00:54:46.235"
"1465","5113","60","29","2021-04-14 00:54:46.235"
"1466","5112","57","22","2021-04-14 00:55:05.432"
"1467","5166","59","30","2021-04-14 00:55:17.749"
"1468","5175","58","20","2021-04-14 00:55:17.810"
"1469","5166","59","53","2021-04-14 00:55:19.650"
"1470","5168","59","43","2021-04-14 00:55:19.650"
"1471","5113","60","1","2021-04-14 00:55:19.650"
"1472","5130","60","21","2021-04-14 00:55:19.650"
"1473","5135","60","67","2021-04-14 00:55:19.650"
"1474","5139","60","3","2021-04-14 00:55:19.650"
"1475","5139","60","24","2021-04-14 00:55:21.833"
"1476","5139","60","34","2021-04-14 00:55:22.721"
"1477","5184","59","27","2021-04-14 00:55:23.639"
"1478","5184","59","21","2021-04-14 00:55:23.743"
"1479","5184","59","58","2021-04-14 00:55:25.154"
"1480","5175","58","3","2021-04-14 00:55:25.154"
"1481","5112","57","195","2021-04-14 00:55:25.154"
"1482","5132","57","48","2021-04-14 00:55:25.154"
"1483","5136","57","76","2021-04-14 00:55:25.154"
"1484","5137","57","26","2021-04-14 00:55:25.154"
"1485","5138","57","8","2021-04-14 00:55:25.154"
"1486","5138","57","13","2021-04-14 00:55:26.036"
"1487","5141","57","63","2021-04-14 00:55:26.036"
"1488","5145","57","37","2021-04-14 00:55:31.478"
"1489","5149","57","5","2021-04-14 00:55:31.478"
"1490","5201","58","24","2021-04-14 00:55:32.633"
"1491","5149","57","1","2021-04-14 00:55:32.633"
"1492","5199","59","24","2021-04-14 00:55:33.110"
"1493","5203","58","25","2021-04-14 00:55:42.827"
"1494","5209","59","25","2021-04-14 00:55:43.971"
"1495","5139","60","36","2021-04-14 00:55:47.617"
"1496","5140","60","28","2021-04-14 00:55:47.617"
"1497","5150","60","27","2021-04-14 00:55:47.617"
"1498","5216","59","25","2021-04-14 00:55:51.446"
"1499","5150","60","40","2021-04-14 00:55:52.903"
"1500","5172","60","14","2021-04-14 00:55:52.903"
"1501","5216","59","5","2021-04-14 00:55:58.853"
"1502","5203","58","34","2021-04-14 00:55:58.853"
"1503","5205","58","3","2021-04-14 00:55:58.853"
"1504","5225","59","42","2021-04-14 00:56:02.752"
"1505","5172","60","41","2021-04-14 00:56:03.281"
"1506","5174","60","57","2021-04-14 00:56:03.281"
"1507","5174","60","139","2021-04-14 00:56:03.371"
"1508","5174","60","24","2021-04-14 00:56:03.444"
"1509","5225","59","42","2021-04-14 00:56:04.173"
"1510","5233","59","40","2021-04-14 00:56:04.312"
"1511","5174","60","3","2021-04-14 00:56:04.312"
"1512","5174","60","28","2021-04-14 00:56:04.622"
"1513","5174","60","4","2021-04-14 00:56:05.937"
"1514","5210","60","21","2021-04-14 00:56:05.937"
"1515","5238","59","48","2021-04-14 00:56:10.208"
"1516","5205","58","24","2021-04-14 00:56:11.609"
"1517","5217","58","23","2021-04-14 00:56:11.609"
"1518","5227","58","14","2021-04-14 00:56:11.609"
"1519","5243","59","38","2021-04-14 00:56:11.998"
"1520","5227","58","12","2021-04-14 00:56:12.151"
"1521","5149","57","33","2021-04-14 00:56:17.216"
"1522","5149","57","71","2021-04-14 00:56:21.285"
"1523","5176","57","24","2021-04-14 00:56:21.285"
"1524","5208","57","31","2021-04-14 00:56:21.285"
"1525","5213","57","66","2021-04-14 00:56:21.285"
"1526","5213","57","20","2021-04-14 00:56:21.306"
"1527","5213","57","27","2021-04-14 00:56:23.370"
"1528","5213","57","20","2021-04-14 00:56:25.317"
"1529","5249","58","81","2021-04-14 00:56:29.791"
"1530","5243","59","81","2021-04-14 00:56:29.791"
"1531","5243","59","55","2021-04-14 00:56:46.843"
"1532","5243","59","24","2021-04-14 00:56:51.193"
"1533","5009","56","59","2021-04-14 00:56:54.788"
"1534","5274","58","24","2021-04-14 00:56:57.877"
"1535","5279","58","29","2021-04-14 00:56:57.877"
"1536","5243","59","158","2021-04-14 00:56:57.877"
"1537","5285","57","20","2021-04-14 00:57:00.332"
"1538","5285","57","7","2021-04-14 00:57:01.547"
"1539","5009","56","46","2021-04-14 00:57:04.625"
"1540","5009","56","34","2021-04-14 00:57:04.686"
"1541","5287","57","46","2021-04-14 00:57:06.372"
"1542","5009","56","41","2021-04-14 00:57:06.638"
"1543","5009","56","31","2021-04-14 00:57:07.024"
"1544","5009","56","36","2021-04-14 00:57:07.502"
"1545","5287","57","45","2021-04-14 00:57:09.280"
"1546","5009","56","24","2021-04-14 00:57:10.414"
"1547","5287","57","28","2021-04-14 00:57:10.771"
"1548","5009","56","26","2021-04-14 00:57:14.564"
"1549","5025","56","24","2021-04-14 00:57:14.564"
"1550","5065","56","11","2021-04-14 00:57:14.564"
"1551","5065","56","29","2021-04-14 00:57:14.792"
"1552","5065","56","21","2021-04-14 00:57:15.147"
"1553","5065","56","22","2021-04-14 00:57:19.545"
"1554","4980","55","9","2021-04-14 00:57:19.545"
"1555","5312","56","22","2021-04-14 00:57:26.205"
"1556","4980","55","9","2021-04-14 00:57:26.205"
"1557","5289","55","64","2021-04-14 00:57:44.362"
"1558","5317","54","66","2021-04-14 00:57:44.362"
"1559","5284","58","21","2021-04-14 00:57:44.515"
"1560","5317","54","21","2021-04-14 00:57:51.995"
"1561","5334","58","21","2021-04-14 00:58:13.350"
"1562","5364","57","39","2021-04-14 00:58:27.695"
"1563","5362","56","60","2021-04-14 00:58:27.695"
"1564","5362","56","60","2021-04-14 00:58:34.565"
"1565","5361","55","23","2021-04-14 00:58:34.749"
"1566","5373","56","39","2021-04-14 00:58:52.829"
"1567","5377","56","17","2021-04-14 00:58:53.754"
"1568","5374","57","64","2021-04-14 00:58:53.754"
"1569","5378","57","62","2021-04-14 00:58:53.754"
"1570","5378","57","27","2021-04-14 00:58:55.105"
"1571","5317","54","20","2021-04-14 00:58:58.254"
"1572","5317","54","21","2021-04-14 00:58:59.545"
"1573","5388","55","24","2021-04-14 00:58:59.713"
"1574","5317","54","23","2021-04-14 00:59:00.971"
"1575","5388","55","24","2021-04-14 00:59:03.450"
"1576","5386","56","48","2021-04-14 00:59:06.389"
"1577","5389","56","8","2021-04-14 00:59:06.389"
"1578","5389","56","21","2021-04-14 00:59:07.503"
"1579","5401","55","5","2021-04-14 00:59:08.164"
"1580","5421","48","25","2021-04-14 00:59:18.054"
"1581","5415","55","20","2021-04-14 00:59:18.168"
"1582","5389","56","14","2021-04-14 00:59:18.168"
"1583","5396","56","9","2021-04-14 00:59:18.168"
"1584","5396","56","50","2021-04-14 00:59:18.581"
"1585","5419","56","11","2021-04-14 00:59:18.581"
"1586","5428","50","24","2021-04-14 00:59:21.507"
"1587","5427","49","3","2021-04-14 00:59:21.507"
"1588","5421","48","15","2021-04-14 00:59:24.872"
"1589","5417","47","9","2021-04-14 00:59:24.872"
"1590","5434","55","24","2021-04-14 00:59:27.606"
"1591","5439","49","22","2021-04-14 00:59:35.634"
"1592","5438","48","22","2021-04-14 00:59:35.634"
"1593","5417","47","14","2021-04-14 00:59:35.634"
"1594","5442","50","29","2021-04-14 00:59:51.502"
"1595","5449","49","23","2021-04-14 00:59:54.905"
"1596","5453","53","32","2021-04-14 00:59:58.285"
"1597","5443","54","18","2021-04-14 00:59:58.285"
"1598","5457","52","23","2021-04-14 00:59:59.855"
"1599","5476","51","24","2021-04-14 01:01:14.834"
"1600","5488","51","2","2021-04-14 01:01:29.404"
"1601","5489","51","27","2021-04-14 01:01:30.441"
"1602","5469","52","10","2021-04-14 01:01:30.441"
"1603","5487","50","62","2021-04-14 01:01:31.971"
"1604","5483","49","31","2021-04-14 01:01:31.971"
"1605","5482","48","36","2021-04-14 01:01:31.971"
"1606","5469","52","21","2021-04-14 01:01:33.105"
"1607","5499","51","52","2021-04-14 01:01:42.413"
"1608","5469","52","3","2021-04-14 01:01:42.413"
"1609","5481","52","28","2021-04-14 01:01:42.414"
"1610","5508","50","200","2021-04-14 01:02:24.682"
"1611","5512","49","29","2021-04-14 01:02:32.660"
"1612","5508","50","14","2021-04-14 01:02:37.360"
"1613","5506","51","21","2021-04-14 01:02:37.360"
"1614","5513","51","54","2021-04-14 01:02:37.360"
"1615","5515","51","22","2021-04-14 01:02:37.360"
"1616","5481","52","209","2021-04-14 01:02:37.360"
"1617","5486","52","184","2021-04-14 01:02:37.360"
"1618","5466","53","55","2021-04-14 01:02:37.360"
"1619","5472","53","40","2021-04-14 01:02:37.360"
"1620","5474","53","28","2021-04-14 01:02:37.360"
"1621","5475","53","146","2021-04-14 01:02:37.360"
"1622","5526","47","26","2021-04-14 01:02:45.616"
"1623","5529","46","16","2021-04-14 01:02:45.616"
"1624","5539","49","22","2021-04-14 01:02:48.003"
"1625","5552","50","33","2021-04-14 01:02:51.026"
"1626","5535","48","49","2021-04-14 01:02:51.691"
"1627","5535","48","2","2021-04-14 01:02:54.444"
"1628","5550","48","34","2021-04-14 01:02:54.444"
"1629","5557","49","24","2021-04-14 01:02:55.074"
"1630","5552","50","3","2021-04-14 01:02:55.074"
"1631","5560","50","66","2021-04-14 01:02:55.074"
"1632","5551","51","57","2021-04-14 01:02:55.074"
"1633","5553","51","21","2021-04-14 01:02:55.074"
"1634","5522","52","64","2021-04-14 01:02:55.074"
"1635","5537","52","31","2021-04-14 01:02:55.074"
"1636","5548","53","31","2021-04-14 01:02:55.074"
"1637","5549","53","510","2021-04-14 01:02:55.074"
"1638","5533","47","42","2021-04-14 01:02:57.885"
"1639","5549","53","27","2021-04-14 01:02:57.908"
"1640","5533","47","44","2021-04-14 01:02:58.061"
"1641","5533","47","46","2021-04-14 01:02:59.525"
"1642","5578","52","25","2021-04-14 01:03:03.958"
"1643","5576","53","12","2021-04-14 01:03:03.958"
"1644","5588","48","25","2021-04-14 01:03:21.455"
"1645","5593","48","32","2021-04-14 01:03:21.455"
"1646","5533","47","56","2021-04-14 01:03:21.455"
"1647","5520","54","23","2021-04-14 01:03:29.441"
"1648","5614","53","30","2021-04-14 01:03:32.923"
"1649","5520","54","5","2021-04-14 01:03:32.923"
"1650","5595","54","22","2021-04-14 01:03:32.923"
"1651","5615","54","42","2021-04-14 01:03:32.923"
"1652","5599","55","56","2021-04-14 01:03:32.923"
"1653","5610","55","88","2021-04-14 01:03:32.923"
"1654","5611","55","21","2021-04-14 01:03:32.923"
"1655","5612","55","26","2021-04-14 01:03:32.923"
"1656","5385","58","55","2021-04-14 01:03:32.923"
"1657","5320","59","31","2021-04-14 01:03:32.923"
"1658","5624","58","49","2021-04-14 01:04:03.973"
"1659","5619","59","35","2021-04-14 01:04:03.973"
"1660","5267","60","45","2021-04-14 01:04:03.973"
"1661","5223","61","28","2021-04-14 01:04:36.884"
"1662","5646","51","52","2021-04-14 01:04:37.200"
"1663","5635","62","39","2021-04-14 01:04:40.044"
"1664","5638","62","20","2021-04-14 01:04:40.044"
"1665","5648","62","18","2021-04-14 01:04:40.044"
"1666","5661","51","62","2021-04-14 01:04:49.177"
"1667","5665","52","38","2021-04-14 01:04:55.411"
"1668","5661","51","5","2021-04-14 01:04:55.411"
"1669","5670","51","38","2021-04-14 01:04:55.411"
"1670","5645","50","4","2021-04-14 01:04:55.411"
"1671","5682","59","31","2021-04-14 01:05:03.551"
"1672","5682","59","22","2021-04-14 01:05:17.125"
"1673","5675","60","27","2021-04-14 01:05:17.125"
"1674","5683","60","29","2021-04-14 01:05:17.125"
"1675","5692","50","42","2021-04-14 01:05:18.951"
"1676","5698","58","25","2021-04-14 01:05:30.194"
"1677","5703","51","21","2021-04-14 01:05:30.499"
"1678","5709","57","46","2021-04-14 01:05:44.643"
"1679","5698","58","191","2021-04-14 01:05:44.643"
"1680","5695","59","111","2021-04-14 01:05:44.643"
"1681","5700","59","36","2021-04-14 01:05:44.643"
"1682","5708","59","49","2021-04-14 01:05:44.643"
"1683","5714","53","24","2021-04-14 01:05:51.233"
"1684","5716","52","38","2021-04-14 01:05:51.233"
"1685","5689","60","36","2021-04-14 01:05:53.890"
"1686","5718","60","10","2021-04-14 01:05:53.890"
"1687","5729","59","23","2021-04-14 01:05:55.967"
"1688","5718","60","10","2021-04-14 01:05:55.967"
"1689","5718","60","857","2021-04-14 01:06:08.189"
"1690","5743","56","38","2021-04-14 01:06:14.117"
"1691","5742","55","241","2021-04-14 01:06:14.117"
"1692","5727","54","20","2021-04-14 01:06:14.117"
"1693","5727","54","32","2021-04-14 01:06:14.563"
"1694","5748","55","31","2021-04-14 01:06:20.677"
"1695","5727","54","138","2021-04-14 01:06:20.677"
"1696","5738","54","37","2021-04-14 01:06:20.677"
"1697","5726","53","30","2021-04-14 01:06:20.677"
"1698","5733","53","51","2021-04-14 01:06:20.677"
"1699","5716","52","1","2021-04-14 01:06:20.677"
"1700","5703","51","17","2021-04-14 01:06:20.677"
"1701","5674","49","62","2021-04-14 01:06:20.677"
"1702","5754","61","22","2021-04-14 01:06:37.251"
"1703","5649","62","7","2021-04-14 01:06:37.251"
"1704","5757","58","22","2021-04-14 01:06:40.752"
"1705","5769","59","44","2021-04-14 01:06:40.869"
"1706","5767","60","261","2021-04-14 01:06:40.986"
"1707","5767","60","21","2021-04-14 01:06:43.900"
"1708","5757","58","18","2021-04-14 01:06:52.469"
"1709","5761","57","28","2021-04-14 01:06:52.469"
"1710","5762","57","35","2021-04-14 01:06:52.469"
"1711","5777","57","45","2021-04-14 01:06:52.469"
"1712","5779","57","22","2021-04-14 01:06:52.469"
"1713","5767","60","22","2021-04-14 01:06:53.936"
"1714","5782","57","23","2021-04-14 01:06:58.536"
"1715","5815","59","24","2021-04-14 01:07:14.293"
"1716","5811","58","21","2021-04-14 01:07:14.293"
"1717","5808","57","32","2021-04-14 01:07:35.517"
"1718","5798","56","27","2021-04-14 01:07:35.517"
"1719","5800","56","44","2021-04-14 01:07:35.517"
"1720","5823","64","22","2021-04-14 01:09:03.102"
"1721","5856","59","22","2021-04-14 01:09:59.963"
"1722","5883","62","22","2021-04-14 01:10:08.265"
"1723","5884","62","23","2021-04-14 01:10:09.045"
"1724","5881","61","36","2021-04-14 01:10:12.258"
"1725","5888","60","28","2021-04-14 01:10:12.258"
"1726","5860","59","9","2021-04-14 01:10:12.258"
"1727","5860","59","31","2021-04-14 01:10:13.642"
"1728","5877","58","28","2021-04-14 01:10:13.642"
"1729","5895","59","41","2021-04-14 01:10:51.065"
"1730","5899","60","51","2021-04-14 01:11:05.503"
"1731","5889","62","28","2021-04-14 01:11:29.799"
"1732","5889","62","19","2021-04-14 01:11:31.190"
"1733","5866","63","22","2021-04-14 01:11:31.190"
"1734","5886","63","32","2021-04-14 01:11:31.190"
"1735","5823","64","33","2021-04-14 01:11:31.190"
"1736","5901","60","41","2021-04-14 01:11:33.883"
"1737","5917","63","171","2021-04-14 01:11:37.519"
"1738","5927","61","34","2021-04-14 01:11:47.133"
"1739","5901","60","18","2021-04-14 01:11:47.133"
"1740","5917","63","27","2021-04-14 01:11:50.794"
"1741","5901","60","54","2021-04-14 01:11:50.987"
"1742","5942","63","25","2021-04-14 01:12:05.193"
"1743","5874","64","9","2021-04-14 01:12:05.193"
"1744","5937","60","36","2021-04-14 01:12:09.203"
"1745","5956","63","20","2021-04-14 01:12:37.719"
"1746","5874","64","7","2021-04-14 01:12:37.719"
"1747","5874","64","24","2021-04-14 01:12:37.768"
"1748","5937","60","18","2021-04-14 01:12:41.634"
"1749","5958","60","13","2021-04-14 01:12:41.634"
"1750","5971","62","24","2021-04-14 01:12:42.440"
"1751","5973","61","21","2021-04-14 01:12:42.752"
"1752","5958","60","5","2021-04-14 01:12:42.752"
"1753","5977","61","95","2021-04-14 01:12:44.474"
"1754","5980","61","24","2021-04-14 01:12:45.542"
"1755","5982","61","47","2021-04-14 01:12:45.797"
"1756","5971","62","44","2021-04-14 01:12:45.797"
"1757","5984","61","24","2021-04-14 01:12:50.361"
"1758","5971","62","30","2021-04-14 01:12:51.901"
"1759","5986","62","49","2021-04-14 01:12:55.804"
"1760","5989","61","9","2021-04-14 01:12:57.079"
"1761","5997","61","15","2021-04-14 01:12:57.749"
"1762","5986","62","4","2021-04-14 01:12:57.749"
"1763","5987","62","21","2021-04-14 01:12:57.749"
"1764","5958","60","61","2021-04-14 01:12:58.239"
"1765","5964","60","2","2021-04-14 01:12:58.239"
"1766","5999","61","26","2021-04-14 01:12:58.927"
"1767","5999","61","49","2021-04-14 01:12:59.873"
"1768","5964","60","30","2021-04-14 01:13:00.218"
"1769","5966","60","8","2021-04-14 01:13:00.219"
"1770","5999","61","81","2021-04-14 01:13:00.251"
"1771","5987","62","59","2021-04-14 01:13:11.652"
"1772","6014","61","38","2021-04-14 01:13:12.161"
"1773","5987","62","10","2021-04-14 01:13:16.098"
"1774","5969","63","58","2021-04-14 01:13:17.044"
"1775","5991","63","49","2021-04-14 01:13:17.044"
"1776","6016","62","33","2021-04-14 01:13:18.269"
"1777","6014","61","212","2021-04-14 01:13:18.269"
"1778","6014","61","13","2021-04-14 01:13:21.747"
"1779","6011","60","34","2021-04-14 01:13:21.747"
"1780","6019","60","32","2021-04-14 01:13:21.747"
"1781","5922","59","85","2021-04-14 01:13:21.747"
"1782","5922","59","8","2021-04-14 01:13:22.991"
"1783","5939","59","22","2021-04-14 01:13:22.991"
"1784","6030","60","33","2021-04-14 01:13:39.942"
"1785","6028","61","22","2021-04-14 01:13:55.270"
"1786","6032","61","36","2021-04-14 01:13:55.270"
"1787","6026","62","21","2021-04-14 01:13:55.270"
"1788","5993","63","9","2021-04-14 01:13:55.270"
"1789","6035","60","94","2021-04-14 01:13:56.933"
"1790","5939","59","32","2021-04-14 01:13:56.933"
"1791","5988","59","42","2021-04-14 01:13:56.933"
"1792","6043","62","28","2021-04-14 01:14:30.772"
"1793","6043","62","34","2021-04-14 01:14:36.997"
"1794","5874","64","37","2021-04-14 01:14:47.011"
"1795","6050","60","29","2021-04-14 01:14:56.557"
"1796","6056","59","27","2021-04-14 01:14:56.557"
"1797","6072","58","23","2021-04-14 01:15:07.313"
"1798","6069","60","27","2021-04-14 01:15:14.799"
"1799","6082","60","77","2021-04-14 01:15:17.188"
"1800","6078","59","3","2021-04-14 01:15:17.188"
"1801","6078","59","18","2021-04-14 01:15:20.879"
"1802","6106","52","24","2021-04-14 01:15:38.759"
"1803","6096","58","37","2021-04-14 01:15:42.239"
"1804","6095","59","28","2021-04-14 01:15:42.239"
"1805","6107","59","24","2021-04-14 01:15:42.239"
"1806","6111","59","52","2021-04-14 01:15:42.239"
"1807","6106","52","15","2021-04-14 01:16:00.151"
"1808","6110","52","24","2021-04-14 01:16:00.151"
"1809","6110","52","44","2021-04-14 01:16:01.680"
"1810","6112","52","27","2021-04-14 01:16:01.680"
"1811","6114","52","22","2021-04-14 01:16:01.680"
"1812","6105","51","3","2021-04-14 01:16:01.680"
"1813","6136","53","32","2021-04-14 01:16:18.328"
"1814","6135","52","61","2021-04-14 01:16:18.328"
"1815","6105","51","350","2021-04-14 01:16:18.328"
"1816","6149","54","91","2021-04-14 01:16:25.526"
"1817","6154","52","22","2021-04-14 01:16:27.259"
"1818","6153","53","24","2021-04-14 01:16:27.259"
"1819","6156","52","77","2021-04-14 01:16:31.417"
"1820","6174","53","39","2021-04-14 01:16:56.150"
"1821","6150","54","62","2021-04-14 01:16:56.150"
"1822","6162","54","3","2021-04-14 01:16:56.150"
"1823","6186","53","22","2021-04-14 01:16:59.963"
"1824","6190","53","25","2021-04-14 01:17:03.397"
"1825","6192","52","11","2021-04-14 01:17:03.397"
"1826","6145","55","27","2021-04-14 01:17:11.392"
"1827","6192","52","14","2021-04-14 01:17:13.570"
"1828","6105","51","16","2021-04-14 01:17:13.570"
"1829","6204","52","24","2021-04-14 01:17:15.119"
"1830","6105","51","58","2021-04-14 01:17:17.709"
"1831","6201","54","24","2021-04-14 01:17:19.497"
"1832","6145","55","11","2021-04-14 01:17:19.497"
"1833","6185","55","9","2021-04-14 01:17:19.497"
"1834","6105","51","107","2021-04-14 01:17:21.638"
"1835","6215","54","20","2021-04-14 01:17:41.723"
"1836","6232","54","32","2021-04-14 01:18:08.816"
"1837","6241","55","23","2021-04-14 01:18:38.946"
"1838","6256","63","49","2021-04-14 01:18:49.783"
"1839","6255","64","29","2021-04-14 01:18:49.783"
"1840","6249","65","11","2021-04-14 01:18:49.783"
"1841","6249","65","10","2021-04-14 01:18:54.420"
"1842","6252","66","21","2021-04-14 01:18:54.420"
"1843","6252","66","2","2021-04-14 01:18:54.428"
"1844","6259","59","25","2021-04-14 01:19:01.852"
"1845","6287","64","21","2021-04-14 01:19:22.498"
"1846","6290","61","46","2021-04-14 01:19:23.161"
"1847","6287","64","6","2021-04-14 01:19:23.823"
"1848","6300","65","25","2021-04-14 01:19:35.734"
"1849","6300","65","14","2021-04-14 01:19:37.961"
"1850","6299","66","46","2021-04-14 01:19:37.961"
"1851","6308","69","39","2021-04-14 01:19:46.102"
"1852","6307","70","40","2021-04-14 01:19:46.102"
"1853","6296","60","29","2021-04-14 01:19:50.168"
"1854","6306","60","28","2021-04-14 01:19:50.168"
"1855","6281","59","42","2021-04-14 01:19:50.168"
"1856","6260","58","16","2021-04-14 01:19:50.168"
"1857","6248","57","91","2021-04-14 01:20:06.416"
"1858","6324","63","24","2021-04-14 01:20:09.871"
"1859","6323","64","23","2021-04-14 01:20:09.871"
"1860","6325","64","25","2021-04-14 01:20:09.871"
"1861","6329","64","10","2021-04-14 01:20:09.871"
"1862","6248","57","48","2021-04-14 01:20:18.357"
"1863","6248","57","26","2021-04-14 01:20:23.142"
"1864","6280","57","41","2021-04-14 01:20:24.784"
"1865","6343","62","147","2021-04-14 01:20:28.517"
"1866","6343","62","28","2021-04-14 01:20:33.630"
"1867","6364","59","40","2021-04-14 01:20:37.570"
"1868","6354","58","67","2021-04-14 01:20:37.570"
"1869","6359","58","6","2021-04-14 01:20:37.570"
"1870","6377","61","70","2021-04-14 01:21:05.137"
"1871","6377","61","32","2021-04-14 01:21:13.983"
"1872","6411","59","33","2021-04-14 01:22:02.311"
"1873","6247","56","24","2021-04-14 01:22:09.766"
"1874","6436","59","26","2021-04-14 01:22:22.034"
"1875","6443","59","51","2021-04-14 01:22:24.724"
"1876","6444","59","6","2021-04-14 01:22:25.183"
"1877","6440","60","38","2021-04-14 01:22:25.183"
"1878","6435","58","24","2021-04-14 01:22:27.122"
"1879","6435","58","71","2021-04-14 01:22:28.205"
"1880","6432","57","33","2021-04-14 01:22:28.205"
"1881","6450","58","27","2021-04-14 01:22:43.168"
"1882","6450","58","52","2021-04-14 01:22:43.983"
"1883","6449","59","22","2021-04-14 01:22:45.247"
"1884","6451","59","102","2021-04-14 01:22:45.247"
"1885","6456","58","32","2021-04-14 01:22:45.681"
"1886","6432","57","40","2021-04-14 01:22:45.681"
"1887","6446","57","45","2021-04-14 01:22:45.681"
"1888","6457","57","41","2021-04-14 01:22:45.681"
"1889","6451","59","75","2021-04-14 01:22:46.800"
"1890","6451","59","78","2021-04-14 01:22:54.323"
"1891","6451","59","21","2021-04-14 01:22:54.752"
"1892","6451","59","22","2021-04-14 01:22:57.006"
"1893","6451","59","21","2021-04-14 01:22:57.523"
"1894","6451","59","35","2021-04-14 01:22:57.790"
"1895","6451","59","35","2021-04-14 01:22:57.929"
"1896","6485","59","22","2021-04-14 01:23:00.213"
"1897","6440","60","53","2021-04-14 01:23:01.159"
"1898","6461","60","31","2021-04-14 01:23:04.625"
"1899","6485","59","4","2021-04-14 01:23:07.746"
"1900","6498","59","28","2021-04-14 01:23:08.461"
"1901","6461","60","4","2021-04-14 01:23:09.501"
"1902","6477","60","18","2021-04-14 01:23:09.501"
"1903","6477","60","23","2021-04-14 01:23:10.444"
"1904","6505","59","39","2021-04-14 01:23:11.645"
"1905","6471","58","46","2021-04-14 01:23:14.118"
"1906","6492","58","25","2021-04-14 01:23:14.120"
"1907","6500","58","40","2021-04-14 01:23:14.120"
"1908","6500","58","20","2021-04-14 01:23:14.301"
"1909","6505","59","78","2021-04-14 01:23:18.284"
"1910","6477","60","18","2021-04-14 01:23:18.284"
"1911","6387","61","21","2021-04-14 01:23:18.284"
"1912","6486","61","21","2021-04-14 01:23:18.284"
"1913","6496","61","29","2021-04-14 01:23:18.284"
"1914","6501","61","25","2021-04-14 01:23:18.284"
"1915","6374","62","199","2021-04-14 01:23:18.284"
"1916","6369","56","39","2021-04-14 01:23:26.586"
"1917","6375","56","122","2021-04-14 01:23:26.586"
"1918","6376","56","25","2021-04-14 01:23:26.586"
"1919","6395","56","49","2021-04-14 01:23:26.586"
"1920","6399","56","39","2021-04-14 01:23:26.586"
"1921","6400","56","20","2021-04-14 01:23:26.586"
"1922","6511","56","72","2021-04-14 01:23:26.586"
"1923","6516","61","81","2021-04-14 01:23:38.535"
"1924","6396","62","25","2021-04-14 01:23:39.520"
"1925","6407","62","4","2021-04-14 01:23:39.520"
"1926","6523","61","24","2021-04-14 01:23:41.763"
"1927","6407","62","41","2021-04-14 01:23:41.823"
"1928","6539","56","29","2021-04-14 01:23:50.773"
"1929","6548","47","22","2021-04-14 01:23:58.394"
"1930","6547","46","4","2021-04-14 01:23:58.394"
"1931","6551","55","20","2021-04-14 01:23:58.878"
"1932","6549","46","22","2021-04-14 01:24:03.291"
"1933","6569","53","36","2021-04-14 01:24:11.855"
"1934","6559","54","22","2021-04-14 01:24:12.092"
"1935","6551","55","17","2021-04-14 01:24:12.092"
"1936","6587","51","21","2021-04-14 01:24:27.835"
"1937","6561","55","32","2021-04-14 01:24:41.078"
"1938","6600","55","28","2021-04-14 01:24:45.537"
"1939","6600","55","50","2021-04-14 01:24:45.962"
"1940","6600","55","20","2021-04-14 01:24:46.159"
"1941","6597","54","2","2021-04-14 01:24:46.159"
"1942","6626","51","23","2021-04-14 01:25:33.142"
"1943","6598","56","32","2021-04-14 01:25:35.138"
"1944","6598","56","26","2021-04-14 01:25:43.454"
"1945","6609","57","9","2021-04-14 01:25:43.454"
"1946","6637","55","44","2021-04-14 01:25:51.951"
"1947","6637","55","24","2021-04-14 01:25:54.393"
"1948","6634","54","22","2021-04-14 01:26:00.761"
"1949","6634","54","7","2021-04-14 01:26:00.803"
"1950","6639","54","30","2021-04-14 01:26:00.803"
"1951","6639","54","5","2021-04-14 01:26:01.144"
"1952","6644","54","31","2021-04-14 01:26:01.144"
"1953","6658","56","46","2021-04-14 01:26:11.373"
"1954","6663","56","38","2021-04-14 01:26:11.468"
"1955","6663","56","31","2021-04-14 01:26:13.023"
"1956","6663","56","24","2021-04-14 01:26:13.579"
"1957","6663","56","32","2021-04-14 01:26:16.941"
"1958","6674","56","27","2021-04-14 01:26:23.798"
"1959","6681","56","24","2021-04-14 01:26:27.578"
"1960","6661","55","24","2021-04-14 01:26:27.735"
"1961","6667","55","8","2021-04-14 01:26:27.735"
"1962","6667","55","15","2021-04-14 01:26:30.534"
"1963","6659","54","24","2021-04-14 01:26:30.534"
"1964","6671","54","70","2021-04-14 01:26:30.534"
"1965","6673","54","29","2021-04-14 01:26:30.534"
"1966","6675","54","188","2021-04-14 01:26:30.534"
"1967","6632","53","33","2021-04-14 01:26:30.534"
"1968","6660","53","233","2021-04-14 01:26:30.534"
"1969","6652","52","342","2021-04-14 01:26:30.534"
"1970","6652","52","20","2021-04-14 01:26:31.131"
"1971","6652","52","24","2021-04-14 01:26:31.294"
"1972","6693","54","38","2021-04-14 01:26:35.400"
"1973","6692","55","22","2021-04-14 01:26:35.553"
"1974","6695","53","21","2021-04-14 01:26:42.166"
"1975","6695","53","15","2021-04-14 01:26:44.881"
"1976","6652","52","7","2021-04-14 01:26:44.881"
"1977","6703","54","43","2021-04-14 01:26:47.096"
"1978","6703","54","32","2021-04-14 01:26:49.090"
"1979","6723","54","22","2021-04-14 01:26:51.018"
"1980","6692","55","9","2021-04-14 01:26:51.018"
"1981","6709","55","5","2021-04-14 01:26:51.018"
"1982","6712","55","27","2021-04-14 01:26:52.336"
"1983","6683","56","17","2021-04-14 01:26:52.336"
"1984","6720","56","9","2021-04-14 01:26:52.336"
"1985","6720","56","22","2021-04-14 01:26:54.264"
"1986","6728","54","25","2021-04-14 01:26:59.429"
"1987","6728","54","42","2021-04-14 01:27:00.272"
"1988","6609","57","17","2021-04-14 01:27:03.163"
"1989","6688","57","5","2021-04-14 01:27:03.163"
"1990","6688","57","17","2021-04-14 01:27:09.517"
"1991","6736","57","20","2021-04-14 01:27:09.517"
"1992","6721","53","25","2021-04-14 01:27:27.154"
"1993","6737","53","23","2021-04-14 01:27:27.154"
"1994","6774","54","38","2021-04-14 01:27:27.601"
"1995","6737","53","31","2021-04-14 01:27:30.928"
"1996","6737","53","8","2021-04-14 01:27:32.454"
"1997","6765","53","18","2021-04-14 01:27:32.454"
"1998","6765","53","7","2021-04-14 01:27:33.518"
"1999","6768","53","15","2021-04-14 01:27:33.518"
"2000","6784","54","31","2021-04-14 01:27:33.856"
"2001","6784","54","27","2021-04-14 01:27:34.051"
"2002","6784","54","41","2021-04-14 01:27:34.137"
"2003","6755","55","43","2021-04-14 01:27:34.137"
"2004","6775","55","26","2021-04-14 01:27:34.137"
"2005","6794","55","29","2021-04-14 01:27:34.137"
"2006","6761","56","101","2021-04-14 01:27:34.137"
"2007","6797","62","139","2021-04-14 01:27:35.249"
"2008","6801","54","25","2021-04-14 01:27:38.946"
"2009","6768","53","44","2021-04-14 01:27:42.376"
"2010","6817","54","42","2021-04-14 01:27:42.394"
"2011","6768","53","22","2021-04-14 01:27:45.126"
"2012","6768","53","3","2021-04-14 01:27:46.319"
"2013","6802","53","17","2021-04-14 01:27:46.319"
"2014","6823","54","22","2021-04-14 01:27:46.398"
"2015","6823","54","10","2021-04-14 01:27:47.960"
"2016","6834","54","27","2021-04-14 01:27:48.285"
"2017","6836","54","24","2021-04-14 01:27:48.821"
"2018","6802","53","21","2021-04-14 01:27:49.051"
"2019","6832","55","71","2021-04-14 01:27:50.884"
"2020","6848","55","21","2021-04-14 01:27:58.368"
"2021","6843","54","100","2021-04-14 01:28:01.404"
"2022","6802","53","423","2021-04-14 01:28:01.404"
"2023","6805","53","27","2021-04-14 01:28:01.404"
"2024","6806","53","42","2021-04-14 01:28:01.404"
"2025","6808","53","114","2021-04-14 01:28:01.404"
