DateTime,Price,Volume,Type,Side,MidPrice,MicroPrice,Spread
2021-04-04T13:10:17.927,51,60,LO,-1,missing,missing,missing
2021-04-04T13:10:27.217,46,24,LO,1,48.5,49.57142857142857,5.0
2021-04-04T13:10:28.758,46,21,MO,-1,missing,missing,missing
2021-04-04T13:10:28.758,46,3,LO,1,48.5,50.76190476190476,5.0
2021-04-04T13:10:31.442,missing,missing,OC,1,missing,missing,missing
2021-04-04T13:10:31.637,50,49,LO,-1,missing,missing,missing
2021-04-04T13:10:38.141,49,58,LO,-1,missing,missing,missing
2021-04-04T13:10:41.153,44,40,LO,1,46.5,46.95918367346939,5.0
2021-04-04T13:10:46.842,45,30,LO,1,47.0,47.63636363636363,4.0
2021-04-04T13:10:48.036,51,60,OC,-1,48.0,49.0,6.0
2021-04-04T13:10:50.694,46,26,LO,1,48.5,49.48837209302326,5.0
2021-04-04T13:10:50.75,50,235,LO,-1,48.0,49.60153256704981,4.0
2021-04-04T13:10:51.033,46,22,MO,-1,missing,missing,missing
2021-04-04T13:10:51.033,46,4,LO,1,48.0,49.93305439330544,4.0
2021-04-04T13:10:52.619,49,70,LO,-1,47.5,48.83783783783784,3.0
2021-04-04T13:10:53.651,47,26,LO,1,48.0,48.458333333333336,2.0
2021-04-04T13:10:57.238,48,24,LO,-1,47.5,47.48,1.0
2021-04-04T13:10:58.005,47,55,LO,1,47.5,47.30379746835443,1.0
2021-04-04T13:11:00.737,47,88,LO,1,47.5,47.214285714285715,1.0
2021-04-04T13:11:13.511,47,55,OC,1,47.5,47.30379746835443,1.0
2021-04-04T13:11:24.906,47,26,MO,-1,missing,missing,missing
2021-04-04T13:11:24.906,47,29,LO,1,47.5,47.45283018867924,1.0
2021-04-04T13:11:24.906,47,14,MO,-1,missing,missing,missing
2021-04-04T13:11:24.906,47,15,LO,1,47.5,47.61538461538461,1.0
2021-04-04T13:11:29.887,51,60,OC,-1,49.0,50.2,4.0
2021-04-04T13:11:33.412,50,28,OC,-1,48.5,48.95348837209303,3.0
2021-04-04T13:11:35.066,47,15,MO,-1,missing,missing,missing
2021-04-04T13:11:35.066,46,44,LO,1,48.0,47.55555555555556,4.0
2021-04-04T13:11:35.076,46,4,MO,-1,missing,missing,missing
2021-04-04T13:11:35.076,46,40,LO,1,48.0,47.64705882352941,4.0
2021-04-04T13:11:35.076,46,40,MO,-1,missing,missing,missing
2021-04-04T13:11:35.076,45,99,LO,1,47.5,46.10236220472441,5.0
2021-04-04T13:11:35.077,45,30,MO,-1,missing,missing,missing
2021-04-04T13:11:35.077,45,69,LO,1,47.5,46.44329896907217,5.0
2021-04-04T13:11:35.078,45,40,MO,-1,missing,missing,missing
2021-04-04T13:11:35.078,45,29,LO,1,47.5,47.45614035087719,5.0
2021-04-04T13:11:39.583,44,104,OC,1,47.0,45.27272727272727,6.0
2021-04-04T13:11:40.998,45,62,LO,1,47.5,46.55555555555556,5.0
2021-04-04T13:11:43.059,49,65,LO,-1,47.0,47.04724409448819,4.0
2021-04-04T13:11:44.162,48,192,LO,-1,46.5,47.267716535433074,3.0
2021-04-04T13:11:44.708,51,87,OC,-1,48.0,48.50335570469799,6.0
2021-04-04T13:11:48.422,51,62,OC,-1,48.0,48.0,6.0
2021-04-04T13:11:48.826,44,134,OC,1,47.5,46.214285714285715,7.0
2021-04-04T13:11:49.563,44,104,OC,1,47.5,46.6144578313253,7.0
2021-04-04T13:11:52.567,50,50,LO,-1,47.0,45.94805194805195,6.0
2021-04-04T13:11:53.078,50,86,LO,-1,47.0,46.71578947368421,6.0
2021-04-04T13:11:56.939,49,49,MO,1,missing,missing,missing
2021-04-04T13:11:56.939,50,37,LO,-1,47.0,45.57446808510638,6.0
2021-04-04T13:11:57.091,48,87,LO,-1,46.0,45.82198952879581,4.0
2021-04-04T13:11:57.507,48,61,MO,1,missing,missing,missing
2021-04-04T13:11:57.507,48,26,LO,-1,46.0,44.8,4.0
2021-04-04T13:11:57.563,45,53,LO,1,46.5,45.9873417721519,3.0
2021-04-04T13:12:01.604,46,167,LO,1,47.0,46.26943005181347,2.0
2021-04-04T13:12:01.735,47,76,LO,1,47.5,47.254901960784316,1.0
2021-04-04T13:12:02.324,48,56,LO,-1,47.5,47.42424242424242,1.0
2021-04-04T13:12:02.447,47,100,LO,1,47.5,47.35897435897436,1.0
2021-04-04T13:12:02.914,47,32,MO,-1,missing,missing,missing
2021-04-04T13:12:02.914,47,68,LO,1,47.5,47.45161290322581,1.0
2021-04-04T13:12:03.007,48,26,MO,1,missing,missing,missing
2021-04-04T13:12:03.007,48,30,LO,-1,47.5,47.30612244897959,1.0
2021-04-04T13:12:03.008,48,5,MO,1,missing,missing,missing
2021-04-04T13:12:03.008,48,25,LO,-1,47.5,47.26881720430107,1.0
2021-04-04T13:12:05.309,48,49,LO,-1,47.5,47.41880341880342,1.0
2021-04-04T13:12:06.419,48,21,MO,1,missing,missing,missing
2021-04-04T13:12:06.419,48,28,LO,-1,47.5,47.291666666666664,1.0
2021-04-04T13:12:06.528,48,4,OC,-1,47.5,47.05555555555556,1.0
2021-04-04T13:12:07.241,47,44,MO,-1,missing,missing,missing
2021-04-04T13:12:07.241,47,24,LO,1,47.5,47.142857142857146,1.0
2021-04-04T13:12:07.241,47,24,MO,-1,missing,missing,missing
2021-04-04T13:12:07.241,46,227,LO,1,47.0,46.03463203463203,2.0
2021-04-04T13:12:07.242,46,157,MO,-1,missing,missing,missing
2021-04-04T13:12:07.242,46,70,LO,1,47.0,46.108108108108105,2.0
2021-04-04T13:12:07.629,46,10,OC,1,47.0,46.57142857142857,2.0
2021-04-04T13:12:08.185,47,224,LO,1,47.5,47.01754385964912,1.0
2021-04-04T13:12:08.392,51,62,OC,-1,49.0,47.86713286713287,4.0
2021-04-04T13:12:09.21,48,60,LO,-1,47.5,47.2112676056338,1.0
2021-04-04T13:12:09.533,48,157,LO,-1,47.5,47.41207349081365,1.0
2021-04-04T13:12:09.729,48,187,LO,-1,47.5,47.454987834549875,1.0
2021-04-04T13:12:09.988,48,246,LO,-1,47.5,47.52340425531915,1.0
2021-04-04T13:12:11.791,48,216,OC,-1,47.5,47.49090909090909,1.0
2021-04-04T13:12:11.822,48,683,LO,-1,47.5,47.75303197353914,1.0
2021-04-04T13:12:13.304,48,623,OC,-1,47.5,47.735537190082646,1.0
2021-04-04T13:12:13.476,48,715,LO,-1,47.5,47.76144834930778,1.0
2021-04-04T13:12:13.905,46,10,OC,1,47.0,47.97241379310345,2.0
2021-04-04T13:12:15.261,45,24,OC,1,46.5,47.902571041948576,3.0
2021-04-04T13:12:15.459,48,618,OC,-1,46.5,47.88785046728972,3.0
2021-04-04T13:12:17.598,47,47,LO,-1,46.0,46.32394366197183,2.0
2021-04-04T13:12:19.387,45,24,MO,-1,missing,missing,missing
2021-04-04T13:12:19.387,44,25,LO,1,45.5,45.958333333333336,3.0
2021-04-04T13:12:19.388,44,25,MO,-1,missing,missing,missing
2021-04-04T13:12:19.388,missing,missing,LO,1,missing,missing,missing
2021-04-04T13:12:22.472,42,618,LO,1,44.5,42.35338345864662,5.0
2021-04-04T13:12:23.892,missing,missing,OC,1,missing,missing,missing
2021-04-04T13:12:24.323,42,24,LO,1,44.5,45.309859154929576,5.0
2021-04-04T13:12:29.672,43,51,LO,1,45.0,44.91836734693877,4.0
2021-04-04T13:12:30.23,44,28,LO,1,45.5,45.88,3.0
2021-04-04T13:12:50.965,49,111,OC,-1,46.5,47.992805755395686,5.0
2021-04-04T13:12:51.099,43,779,OC,1,46.0,43.74831460674157,6.0
2021-04-04T13:13:13.456,49,162,LO,-1,46.0,44.032943676939425,6.0
2021-04-04T13:13:20.267,49,113,OC,-1,46.0,43.76008968609865,6.0
2021-04-04T13:13:21.163,44,21,LO,1,46.5,48.21641791044776,5.0
2021-04-04T13:13:26.549,47,89,LO,-1,45.5,46.42727272727273,3.0
2021-04-04T13:13:27.875,45,43,LO,1,46.0,46.34848484848485,2.0
2021-04-04T13:13:28.105,45,21,MO,-1,missing,missing,missing
2021-04-04T13:13:28.105,45,22,LO,1,46.0,46.6036036036036,2.0
2021-04-04T13:13:28.836,46,32,LO,1,46.5,46.735537190082646,1.0
2021-04-04T13:13:30.453,47,138,LO,-1,46.5,46.811764705882354,1.0
2021-04-04T13:13:39.217,46,32,MO,-1,missing,missing,missing
2021-04-04T13:13:39.217,45,22,LO,1,46.0,46.725,2.0
2021-04-04T13:13:39.218,45,22,MO,-1,missing,missing,missing
2021-04-04T13:13:39.218,44,21,LO,1,45.5,46.60377358490566,3.0
2021-04-04T13:13:39.218,44,21,MO,-1,missing,missing,missing
2021-04-04T13:13:39.218,43,811,LO,1,45.0,43.58166491043203,4.0
2021-04-04T13:13:39.219,43,51,MO,-1,missing,missing,missing
2021-04-04T13:13:39.219,43,760,LO,1,45.0,43.614699331848556,4.0
2021-04-04T13:13:39.219,43,37,MO,-1,missing,missing,missing
2021-04-04T13:13:39.219,43,723,LO,1,45.0,43.641114982578394,4.0
2021-04-04T13:13:39.227,43,80,MO,-1,missing,missing,missing
2021-04-04T13:13:39.227,43,643,LO,1,45.0,43.706786171574905,4.0
2021-04-04T13:13:40.398,47,33,MO,1,missing,missing,missing
2021-04-04T13:13:40.398,47,105,LO,-1,45.0,43.56149732620321,4.0
2021-04-04T13:13:40.533,44,70,LO,1,45.5,45.8,3.0
2021-04-04T13:13:48.64,47,56,MO,1,missing,missing,missing
2021-04-04T13:13:48.64,47,49,LO,-1,45.5,45.23529411764706,3.0
2021-04-04T13:13:48.641,47,49,MO,1,missing,missing,missing
2021-04-04T13:13:48.641,49,113,LO,-1,46.5,47.08743169398907,5.0
2021-04-04T13:13:48.641,48,3,MO,1,missing,missing,missing
2021-04-04T13:13:48.641,49,110,LO,-1,46.5,47.05555555555556,5.0
2021-04-04T13:13:56.51,45,39,LO,1,47.0,47.95302013422819,4.0
2021-04-04T13:13:58.719,49,59,OC,-1,47.0,47.40816326530612,4.0
2021-04-04T13:13:58.956,44,70,OC,1,46.5,46.286821705426355,5.0
2021-04-04T13:14:02.377,45,31,LO,1,47.0,47.62222222222222,4.0
2021-04-04T13:14:07.232,49,94,LO,-1,47.0,48.008,4.0
2021-04-04T13:14:09.405,47,33,LO,-1,46.0,46.03125,2.0
2021-04-04T13:14:12.593,45,23,MO,-1,missing,missing,missing
2021-04-04T13:14:12.593,45,8,LO,1,46.0,46.609756097560975,2.0
2021-04-04T13:14:12.892,44,140,OC,1,45.5,44.57225433526011,3.0
2021-04-04T13:14:20.14,44,70,OC,1,45.5,44.96116504854369,3.0
2021-04-04T13:14:20.846,46,31,LO,-1,45.0,44.613861386138616,2.0
2021-04-04T13:14:20.875,45,79,LO,-1,44.5,44.53020134228188,1.0
2021-04-04T13:14:21.101,45,170,LO,-1,44.5,44.708333333333336,1.0
2021-04-04T13:14:22.643,45,48,MO,1,missing,missing,missing
2021-04-04T13:14:22.643,45,122,LO,-1,44.5,44.635416666666664,1.0
2021-04-04T13:14:23.428,44,27,OC,1,44.5,44.81879194630873,1.0
2021-04-04T13:14:28.918,44,54,LO,1,44.5,44.69318181818182,1.0
2021-04-04T13:14:33.454,45,200,LO,-1,44.5,44.78740157480315,1.0
2021-04-04T13:14:38.892,44,97,LO,1,44.5,44.67340067340067,1.0
2021-04-04T13:14:41.532,45,233,LO,-1,44.5,44.7060606060606,1.0
2021-04-04T13:14:42.567,44,70,OC,1,44.5,44.76897689768977,1.0
2021-04-04T13:14:44.041,44,123,LO,1,44.5,44.65449438202247,1.0
2021-04-04T13:14:46.37,45,304,LO,-1,44.5,44.711943793911004,1.0
2021-04-04T13:14:47.95,44,96,OC,1,44.5,44.76,1.0
2021-04-04T13:14:48.477,45,31,MO,1,missing,missing,missing
2021-04-04T13:14:48.477,45,273,LO,-1,44.5,44.739837398373986,1.0
2021-04-04T13:14:48.478,45,82,MO,1,missing,missing,missing
2021-04-04T13:14:48.478,45,191,LO,-1,44.5,44.66550522648084,1.0
2021-04-04T13:14:50.855,44,53,OC,1,44.5,44.782786885245905,1.0
2021-04-04T13:14:52.206,43,788,OC,1,44.0,43.39019407558733,2.0
2021-04-04T13:14:52.357,45,158,OC,-1,44.0,43.33403805496829,2.0
2021-04-04T13:14:54.658,44,21,LO,-1,43.5,43.025957972805934,1.0
2021-04-04T13:14:59.223,43,678,OC,1,43.5,43.03004291845494,1.0
2021-04-04T13:14:59.848,44,21,MO,1,missing,missing,missing
2021-04-04T13:14:59.848,48,631,LO,-1,45.5,45.41023682200153,5.0
2021-04-04T13:14:59.853,45,9,MO,1,missing,missing,missing
2021-04-04T13:14:59.853,48,622,LO,-1,45.5,45.39230769230769,5.0
2021-04-04T13:14:59.854,45,8,MO,1,missing,missing,missing
2021-04-04T13:14:59.854,48,614,LO,-1,45.5,45.37616099071207,5.0
2021-04-04T13:15:00.477,44,36,LO,1,46.0,47.778461538461535,4.0
2021-04-04T13:15:02.598,43,678,OC,1,45.5,45.37616099071207,5.0
2021-04-04T13:15:04.195,43,634,OC,1,45.5,45.4599358974359,5.0
2021-04-04T13:15:05.148,45,40,MO,1,missing,missing,missing
2021-04-04T13:15:05.148,48,574,LO,-1,45.5,45.37582781456954,5.0
2021-04-04T13:15:05.275,44,285,LO,1,46.0,46.67287543655413,4.0
2021-04-04T13:15:05.529,44,319,LO,1,46.0,46.57110862262038,4.0
2021-04-04T13:15:06.596,44,364,LO,1,46.0,46.44776119402985,4.0
2021-04-04T13:15:07.704,45,30,MO,1,missing,missing,missing
2021-04-04T13:15:07.704,48,544,LO,-1,46.0,46.39647577092511,4.0
2021-04-04T13:15:07.705,46,31,MO,1,missing,missing,missing
2021-04-04T13:15:07.705,48,513,LO,-1,46.0,46.33979475484607,4.0
2021-04-04T13:15:07.705,46,38,MO,1,missing,missing,missing
2021-04-04T13:15:07.705,48,475,LO,-1,46.0,46.26460071513707,4.0
2021-04-04T13:15:08.278,45,81,LO,-1,44.5,44.18202247191011,1.0
2021-04-04T13:15:12.051,45,128,LO,-1,44.5,44.260162601626014,1.0
2021-04-04T13:15:12.501,44,79,OC,1,44.5,44.61835748792271,1.0
2021-04-04T13:15:13.989,45,235,LO,-1,44.5,44.7484076433121,1.0
2021-04-04T13:15:21.001,45,154,OC,-1,44.5,44.66094420600859,1.0
2021-04-04T13:15:21.148,44,433,LO,1,44.5,44.262350936967636,1.0
2021-04-04T13:15:29.747,44,456,LO,1,44.5,44.252459016393445,1.0
2021-04-04T13:15:38.314,44,411,OC,1,44.5,44.272566371681414,1.0
2021-04-04T13:15:41.706,44,34,MO,-1,missing,missing,missing
2021-04-04T13:15:41.706,44,377,LO,1,44.5,44.290018832391716,1.0
2021-04-04T13:15:41.707,44,12,MO,-1,missing,missing,missing
2021-04-04T13:15:41.707,44,365,LO,1,44.5,44.296724470134876,1.0
2021-04-04T13:15:46.586,44,342,OC,1,44.5,44.310483870967744,1.0
2021-04-04T13:15:47.932,45,203,LO,-1,44.5,44.372477064220185,1.0
2021-04-04T13:15:47.949,45,22,MO,1,missing,missing,missing
2021-04-04T13:15:47.949,45,181,LO,-1,44.5,44.346080305927345,1.0
2021-04-04T13:15:52.719,45,132,OC,-1,44.5,44.278481012658226,1.0
2021-04-04T13:16:26.025,45,158,LO,-1,44.5,44.316,1.0
2021-04-04T13:16:28.091,44,368,LO,1,44.5,44.30038022813688,1.0
2021-04-04T13:16:32.067,44,342,MO,-1,missing,missing,missing
2021-04-04T13:16:32.067,44,26,LO,1,44.5,44.858695652173914,1.0
2021-04-04T13:16:32.067,44,26,MO,-1,missing,missing,missing
2021-04-04T13:16:32.067,43,35,LO,1,44.0,44.637305699481864,2.0
2021-04-04T13:16:32.068,43,35,MO,-1,missing,missing,missing
2021-04-04T13:16:32.068,missing,missing,LO,1,missing,missing,missing
2021-04-04T13:16:32.196,45,25,MO,1,missing,missing,missing
2021-04-04T13:16:32.196,45,133,LO,-1,missing,missing,missing
2021-04-04T13:16:32.71,45,107,OC,-1,missing,missing,missing
2021-04-04T13:16:34.442,44,24,LO,-1,missing,missing,missing
2021-04-04T13:16:35.325,48,92,OC,-1,missing,missing,missing
2021-04-04T13:16:36.746,44,65,LO,-1,missing,missing,missing
2021-04-04T13:16:40.267,43,35,LO,-1,missing,missing,missing
2021-04-04T13:16:42.344,38,1283,LO,1,40.5,38.13277693474962,5.0
2021-04-04T13:16:44.252,missing,missing,OC,1,missing,missing,missing
2021-04-04T13:16:51.955,48,92,OC,-1,missing,missing,missing
2021-04-04T13:16:53.126,40,22,LO,1,44.0,46.45614035087719,8.0
2021-04-04T13:16:53.921,44,51,LO,-1,42.0,42.794520547945204,4.0
2021-04-04T13:16:55.062,41,25,LO,1,42.5,43.01315789473684,3.0
2021-04-04T13:16:58.047,42,69,LO,1,43.0,42.85,2.0
2021-04-04T13:17:00.539,43,28,LO,1,43.5,43.64556962025316,1.0
2021-04-04T13:17:01.271,44,84,LO,-1,43.5,43.75,1.0
2021-04-04T13:17:02.317,44,33,OC,-1,43.5,43.540983606557376,1.0
2021-04-04T13:17:04.997,44,23,MO,1,missing,missing,missing
2021-04-04T13:17:04.997,44,10,LO,-1,43.5,43.26315789473684,1.0
2021-04-04T13:17:06.206,44,10,MO,1,missing,missing,missing
2021-04-04T13:17:06.206,48,92,LO,-1,45.5,46.833333333333336,5.0
2021-04-04T13:17:06.207,45,15,MO,1,missing,missing,missing
2021-04-04T13:17:06.207,48,77,LO,-1,45.5,46.666666666666664,5.0
2021-04-04T13:17:16.351,44,27,LO,-1,43.5,43.49090909090909,1.0
2021-04-04T13:17:17.634,44,62,LO,-1,43.5,43.68888888888889,1.0
2021-04-04T13:17:18.967,44,35,OC,-1,43.5,43.55555555555556,1.0
2021-04-04T13:17:20.015,48,92,OC,-1,45.5,46.833333333333336,5.0
2021-04-04T13:17:21.818,44,81,LO,-1,43.5,43.74311926605505,1.0
2021-04-04T13:17:22.014,43,28,MO,-1,missing,missing,missing
2021-04-04T13:17:22.014,42,456,LO,1,43.0,42.30167597765363,2.0
2021-04-04T13:17:22.018,42,28,MO,-1,missing,missing,missing
2021-04-04T13:17:22.018,42,428,LO,1,43.0,42.31827111984283,2.0
2021-04-04T13:17:26.886,43,91,LO,1,43.5,43.47093023255814,1.0
2021-04-04T13:18:02.632,43,124,LO,1,43.5,43.395121951219515,1.0
2021-04-04T13:18:02.752,43,33,OC,1,43.5,43.71052631578947,1.0
2021-04-04T13:18:03.779,42,410,OC,1,43.0,42.329938900203665,2.0
2021-04-04T13:18:07.421,42,41,MO,-1,missing,missing,missing
2021-04-04T13:18:07.421,42,369,LO,1,43.0,42.36,2.0
2021-04-04T13:18:07.421,42,84,MO,-1,missing,missing,missing
2021-04-04T13:18:07.421,42,285,LO,1,43.0,42.442622950819676,2.0
2021-04-04T13:18:09.228,43,33,LO,-1,42.5,42.10377358490566,1.0
2021-04-04T13:18:10.471,42,260,OC,1,42.5,42.11262798634812,1.0
2021-04-04T13:18:10.963,43,59,LO,-1,42.5,42.18495297805643,1.0
2021-04-04T13:18:11.746,42,280,LO,1,42.5,42.174041297935105,1.0
2021-04-04T13:18:11.868,42,260,OC,1,42.5,42.18495297805643,1.0
2021-04-04T13:18:12.69,42,107,MO,-1,missing,missing,missing
2021-04-04T13:18:12.69,42,153,LO,1,42.5,42.278301886792455,1.0
2021-04-04T13:18:13.812,43,33,OC,-1,42.5,42.17741935483871,1.0
2021-04-04T13:18:14.024,48,92,OC,-1,45.0,44.2530612244898,6.0
2021-04-04T13:18:15.688,43,309,LO,1,45.5,44.14713216957606,5.0
2021-04-04T13:18:17.552,42,153,OC,1,45.0,44.2530612244898,6.0
2021-04-04T13:18:17.94,43,34,LO,1,45.5,46.65079365079365,5.0
2021-04-04T13:18:18.168,44,21,LO,1,46.0,47.256637168141594,4.0
2021-04-04T13:18:20.288,45,31,LO,-1,44.5,44.59615384615385,1.0
2021-04-04T13:18:20.92,45,56,LO,-1,44.5,44.72727272727273,1.0
2021-04-04T13:18:21.23,43,248,OC,1,44.0,43.36842105263158,2.0
2021-04-04T13:18:21.366,45,92,MO,1,missing,missing,missing
2021-04-04T13:18:21.366,45,-36,LO,-1,44.0,42.660377358490564,2.0
2021-04-04T13:18:21.366,45,43,MO,1,missing,missing,missing
2021-04-04T13:18:21.366,45,-79,LO,-1,44.0,42.06508875739645,2.0
2021-04-04T13:18:21.366,45,37,MO,1,missing,missing,missing
2021-04-04T13:18:21.366,45,-116,LO,-1,44.0,41.24242424242424,2.0
2021-04-04T13:18:21.367,45,16,MO,1,missing,missing,missing
2021-04-04T13:18:21.367,45,-132,LO,-1,44.0,40.724137931034484,2.0
2021-04-04T13:18:21.809,44,316,LO,1,44.5,43.28260869565217,1.0
2021-04-04T13:18:21.847,45,7,MO,1,missing,missing,missing
2021-04-04T13:18:21.847,45,-139,LO,-1,44.5,43.21468926553672,1.0
2021-04-04T13:18:21.848,45,31,MO,1,missing,missing,missing
2021-04-04T13:18:21.848,45,-170,LO,-1,44.5,42.83561643835616,1.0
2021-04-04T13:18:21.848,45,5,MO,1,missing,missing,missing
2021-04-04T13:18:21.848,45,-175,LO,-1,44.5,42.758865248226954,1.0
2021-04-04T13:18:23.493,44,23,MO,-1,missing,missing,missing
2021-04-04T13:18:23.493,44,293,LO,1,44.5,42.516949152542374,1.0
2021-04-04T13:18:23.6,48,92,OC,-1,46.0,44.955844155844154,4.0
2021-04-04T13:18:23.723,46,422,OC,-1,45.0,45.18041958041958,2.0
2021-04-04T13:18:24.11,44,29,MO,-1,missing,missing,missing
2021-04-04T13:18:24.11,44,264,LO,1,45.0,45.23032069970846,2.0
2021-04-04T13:18:24.2,44,22,MO,-1,missing,missing,missing
2021-04-04T13:18:24.2,44,242,LO,1,45.0,45.2710843373494,2.0
2021-04-04T13:18:25.943,45,21,LO,-1,44.5,44.07984790874525,1.0
2021-04-04T13:18:26.372,44,268,LO,1,44.5,44.07266435986159,1.0
2021-04-04T13:18:26.476,46,422,OC,-1,45.0,45.2231884057971,2.0
2021-04-04T13:18:32.487,46,253,OC,-1,45.0,44.97120921305182,2.0
2021-04-04T13:18:33.339,45,25,LO,-1,44.5,44.08532423208191,1.0
2021-04-04T13:18:34.327,47,81,OC,-1,45.5,44.69627507163324,3.0
2021-04-04T13:18:37.161,44,242,OC,1,45.5,44.752321981424146,3.0
2021-04-04T13:18:37.887,45,31,LO,-1,44.5,44.11355311355312,1.0
2021-04-04T13:18:43.302,45,58,LO,-1,44.5,44.193333333333335,1.0
2021-04-04T13:18:45.903,45,78,LO,-1,44.5,44.24375,1.0
2021-04-04T13:18:46.165,45,20,MO,1,missing,missing,missing
2021-04-04T13:18:46.165,45,58,LO,-1,44.5,44.193333333333335,1.0
2021-04-04T13:18:47.88,44,35,MO,-1,missing,missing,missing
2021-04-04T13:18:47.88,44,207,LO,1,44.5,44.218867924528304,1.0
2021-04-04T13:18:50.665,43,735,OC,1,44.0,43.14627994955864,2.0
2021-04-04T13:19:02.007,44,41,LO,-1,43.5,43.05283505154639,1.0
2021-04-04T13:19:06.159,43,37,MO,-1,missing,missing,missing
2021-04-04T13:19:06.159,43,698,LO,1,43.5,43.055480378890394,1.0
2021-04-04T13:19:10.064,44,63,LO,-1,43.5,43.08278580814717,1.0
2021-04-04T13:19:10.164,44,22,MO,1,missing,missing,missing
2021-04-04T13:19:10.164,44,41,LO,-1,43.5,43.055480378890394,1.0
2021-04-04T13:19:12.787,44,61,LO,-1,43.5,43.08036890645586,1.0
2021-04-04T13:19:13.502,44,41,OC,-1,43.5,43.055480378890394,1.0
2021-04-04T13:19:15.053,44,78,LO,-1,43.5,43.100515463917525,1.0
2021-04-04T13:19:15.478,44,166,LO,-1,43.5,43.192129629629626,1.0
2021-04-04T13:19:15.672,44,19,MO,1,missing,missing,missing
2021-04-04T13:19:15.672,44,147,LO,-1,43.5,43.17396449704142,1.0
2021-04-04T13:19:15.672,44,10,MO,1,missing,missing,missing
2021-04-04T13:19:15.672,44,137,LO,-1,43.5,43.16407185628743,1.0
2021-04-04T13:19:18.844,44,49,OC,-1,43.5,43.065595716198125,1.0
2021-04-04T13:19:19.478,43,750,LO,1,43.5,43.061326658322905,1.0
2021-04-04T13:19:20.218,43,1037,LO,1,43.5,43.0451197053407,1.0
2021-04-04T13:19:21.857,43,1000,OC,1,43.5,43.04671115347951,1.0
2021-04-04T13:19:26.838,43,964,OC,1,43.5,43.04837117472853,1.0
2021-04-04T13:19:27.377,44,182,LO,-1,43.5,43.1588132635253,1.0
2021-04-04T13:19:31.221,43,912,OC,1,43.5,43.16636197440585,1.0
2021-04-04T13:19:32.349,44,286,LO,-1,43.5,43.23873121869783,1.0
2021-04-04T13:19:34.017,44,350,LO,-1,43.5,43.277337559429476,1.0
2021-04-04T13:19:34.429,44,313,OC,-1,43.5,43.25551020408163,1.0
2021-04-04T13:19:36.59,44,12,MO,1,missing,missing,missing
2021-04-04T13:19:36.59,44,301,LO,-1,43.5,43.24814509480627,1.0
2021-04-04T13:19:36.59,44,20,MO,1,missing,missing,missing
2021-04-04T13:19:36.59,44,281,LO,-1,43.5,43.23554065381391,1.0
2021-04-04T13:19:40.422,44,323,LO,-1,43.5,43.261538461538464,1.0
2021-04-04T13:19:50.133,43,515,OC,1,43.5,43.385441527446304,1.0
2021-04-04T13:19:50.385,44,190,OC,-1,43.5,43.269503546099294,1.0
2021-04-04T13:19:54.199,43,23,MO,-1,missing,missing,missing
2021-04-04T13:19:54.199,43,492,LO,1,43.5,43.27859237536657,1.0
2021-04-04T13:20:00.897,44,148,OC,-1,43.5,43.23125,1.0
2021-04-04T13:20:06.672,44,84,OC,-1,43.5,43.145833333333336,1.0
2021-04-04T13:20:07.305,44,55,MO,1,missing,missing,missing
2021-04-04T13:20:07.305,44,29,LO,-1,43.5,43.05566218809981,1.0
2021-04-04T13:20:07.417,46,146,OC,-1,44.5,43.68652037617555,3.0
2021-04-04T13:20:11.451,44,30,LO,-1,43.5,43.05747126436781,1.0
2021-04-04T13:20:16.024,44,52,LO,-1,43.5,43.095588235294116,1.0
2021-04-04T13:20:16.092,43,14478,LO,1,43.5,43.003578802477634,1.0
2021-04-04T13:20:16.146,43,44,MO,-1,missing,missing,missing
2021-04-04T13:20:16.146,43,14434,LO,1,43.5,43.00358967278752,1.0
2021-04-04T13:20:16.713,43,448,OC,1,43.5,43.104,1.0
2021-04-04T13:20:19.957,43,494,LO,1,43.5,43.095238095238095,1.0
2021-04-04T13:20:21.477,44,22,OC,-1,43.5,43.042635658914726,1.0
2021-04-04T13:20:21.519,44,22,MO,1,missing,missing,missing
2021-04-04T13:20:21.519,46,110,LO,-1,44.5,43.54635761589404,3.0
2021-04-04T13:20:21.52,45,6,MO,1,missing,missing,missing
2021-04-04T13:20:21.52,46,104,LO,-1,44.5,43.52173913043478,3.0
2021-04-04T13:20:22.618,44,49,LO,1,45.0,45.35947712418301,2.0
2021-04-04T13:20:22.92,45,26,LO,-1,44.5,44.346666666666664,1.0
2021-04-04T13:20:24.447,45,134,LO,-1,44.5,44.73224043715847,1.0
2021-04-04T13:20:24.691,44,98,LO,1,44.5,44.577586206896555,1.0
2021-04-04T13:20:26.799,45,170,LO,-1,44.5,44.634328358208954,1.0
2021-04-04T13:20:28.073,44,137,LO,1,44.5,44.55374592833876,1.0
2021-04-04T13:20:30.911,44,88,OC,1,44.5,44.65891472868217,1.0
2021-04-04T13:20:31.465,44,120,LO,1,44.5,44.58620689655172,1.0
2021-04-04T13:20:32.165,44,81,OC,1,44.5,44.677290836653384,1.0
2021-04-04T13:20:34.965,45,134,OC,-1,44.5,44.62325581395349,1.0
2021-04-04T13:20:37.537,44,49,MO,-1,missing,missing,missing
2021-04-04T13:20:37.537,44,32,LO,1,44.5,44.80722891566265,1.0
2021-04-04T13:20:37.537,44,11,MO,-1,missing,missing,missing
2021-04-04T13:20:37.537,44,21,LO,1,44.5,44.86451612903226,1.0
2021-04-04T13:20:39.5,43,255,OC,1,44.0,43.688946015424165,2.0
2021-04-04T13:20:45.411,45,23,MO,1,missing,missing,missing
2021-04-04T13:20:45.411,45,111,LO,-1,44.0,43.60655737704918,2.0
2021-04-04T13:20:48.819,43,214,OC,1,44.0,43.683076923076925,2.0
2021-04-04T13:20:49.605,44,188,LO,1,44.5,44.37123745819398,1.0
2021-04-04T13:20:52.534,45,140,LO,-1,44.5,44.426829268292686,1.0
2021-04-04T13:20:53.745,44,21,MO,-1,missing,missing,missing
2021-04-04T13:20:53.745,44,167,LO,1,44.5,44.45602605863192,1.0
2021-04-04T13:20:54.923,45,114,OC,-1,44.5,44.405693950177934,1.0
2021-04-04T13:20:58.495,45,590,LO,-1,44.5,44.77939233817701,1.0
2021-04-04T13:20:58.92,44,199,LO,1,44.5,44.747782002534855,1.0
2021-04-04T13:21:01.26,44,231,LO,1,44.5,44.718635809987816,1.0
2021-04-04T13:21:01.561,45,3,MO,1,missing,missing,missing
2021-04-04T13:21:01.561,45,587,LO,-1,44.5,44.71760391198044,1.0
2021-04-04T13:21:01.561,45,87,MO,1,missing,missing,missing
2021-04-04T13:21:01.561,45,500,LO,-1,44.5,44.683994528043776,1.0
2021-04-04T13:21:02.743,45,544,LO,-1,44.5,44.70193548387097,1.0
2021-04-04T13:21:03.66,44,298,LO,1,44.5,44.64608076009501,1.0
2021-04-04T13:21:04.949,44,266,OC,1,44.5,44.67160493827161,1.0
2021-04-04T13:21:07.475,44,313,LO,1,44.5,44.63477246207701,1.0
2021-04-04T13:21:08.181,45,436,OC,-1,44.5,44.58210947930574,1.0
2021-04-04T13:21:08.574,45,60,MO,1,missing,missing,missing
2021-04-04T13:21:08.574,45,376,LO,-1,44.5,44.54571843251089,1.0
2021-04-04T13:21:08.58,45,29,MO,1,missing,missing,missing
2021-04-04T13:21:08.58,45,347,LO,-1,44.5,44.525757575757574,1.0
2021-04-04T13:21:08.58,45,41,MO,1,missing,missing,missing
2021-04-04T13:21:08.58,45,306,LO,-1,44.5,44.49434571890146,1.0
2021-04-04T13:21:08.58,45,25,MO,1,missing,missing,missing
2021-04-04T13:21:08.58,45,281,LO,-1,44.5,44.47306397306397,1.0
2021-04-04T13:21:08.581,45,18,MO,1,missing,missing,missing
2021-04-04T13:21:08.581,45,263,LO,-1,44.5,44.45659722222222,1.0
2021-04-04T13:21:09.717,44,343,LO,1,44.5,44.43399339933993,1.0
2021-04-04T13:21:10.804,45,286,LO,-1,44.5,44.45468998410175,1.0
2021-04-04T13:21:11.17,45,257,OC,-1,44.5,44.428333333333335,1.0
2021-04-04T13:21:11.417,44,155,OC,1,44.5,44.62378640776699,1.0
2021-04-04T13:21:12.795,44,123,OC,1,44.5,44.67631578947368,1.0
2021-04-04T13:21:14.754,44,177,LO,1,44.5,44.59216589861751,1.0
2021-04-04T13:21:14.902,45,234,OC,-1,44.5,44.56934306569343,1.0
2021-04-04T13:21:24.897,44,64,MO,-1,missing,missing,missing
2021-04-04T13:21:24.897,44,113,LO,1,44.5,44.674351585014406,1.0
2021-04-04T13:21:35.36,45,268,LO,-1,44.5,44.70341207349082,1.0
2021-04-04T13:21:42.468,45,22,MO,1,missing,missing,missing
2021-04-04T13:21:42.468,45,246,LO,-1,44.5,44.68523676880223,1.0
2021-04-04T13:21:42.782,44,154,LO,1,44.5,44.615,1.0
2021-04-04T13:21:47.124,45,287,LO,-1,44.5,44.65079365079365,1.0
2021-04-04T13:21:52.081,45,21,MO,1,missing,missing,missing
2021-04-04T13:21:52.081,45,266,LO,-1,44.5,44.63333333333333,1.0
2021-04-04T13:21:52.2,45,-210,OC,-1,44.5,47.75,1.0
2021-04-04T13:22:00.623,45,44,MO,1,missing,missing,missing
2021-04-04T13:22:00.623,45,-254,LO,-1,44.5,46.54,1.0
2021-04-04T13:22:00.623,45,20,MO,1,missing,missing,missing
2021-04-04T13:22:00.623,45,-274,LO,-1,44.5,46.28333333333333,1.0
2021-04-04T13:22:03.375,44,218,LO,1,44.5,48.892857142857146,1.0
2021-04-04T13:22:06.628,44,177,OC,1,44.5,46.824742268041234,1.0
2021-04-04T13:22:07.648,45,-315,OC,-1,44.5,46.28260869565217,1.0
2021-04-04T13:22:12.539,44,3,MO,-1,missing,missing,missing
2021-04-04T13:22:12.539,44,174,LO,1,44.5,46.234042553191486,1.0
2021-04-04T13:22:12.54,44,30,MO,-1,missing,missing,missing
2021-04-04T13:22:12.54,44,144,LO,1,44.5,45.8421052631579,1.0
2021-04-04T13:22:12.873,44,90,OC,1,44.5,45.4,1.0
2021-04-04T13:22:13.707,44,110,LO,1,44.5,45.53658536585366,1.0
2021-04-04T13:22:15.039,45,14,MO,1,missing,missing,missing
2021-04-04T13:22:15.039,45,-329,LO,-1,44.5,45.50228310502283,1.0
2021-04-04T13:22:15.039,46,72,MO,1,missing,missing,missing
2021-04-04T13:22:15.039,45,-401,LO,-1,44.5,45.37800687285223,1.0
2021-04-04T13:22:15.039,46,30,MO,1,missing,missing,missing
2021-04-04T13:22:15.039,45,-431,LO,-1,44.5,45.34267912772586,1.0
2021-04-04T13:22:17.084,44,80,OC,1,44.5,45.22792022792023,1.0
2021-04-04T13:22:17.202,45,-405,LO,-1,44.5,45.246153846153845,1.0
2021-04-04T13:22:21.044,46,126,OC,-1,45.0,45.22330097087379,2.0
2021-04-04T13:22:21.088,46,8,MO,1,missing,missing,missing
2021-04-04T13:22:21.088,46,118,LO,-1,45.0,45.19191919191919,2.0
2021-04-04T13:22:21.091,46,14,MO,1,missing,missing,missing
2021-04-04T13:22:21.091,46,104,LO,-1,45.0,45.130434782608695,2.0
2021-04-04T13:22:24.344,44,16,OC,1,45.0,45.733333333333334,2.0
2021-04-04T13:22:25.925,46,14,MO,1,missing,missing,missing
2021-04-04T13:22:25.925,46,90,LO,-1,45.0,45.698113207547166,2.0
2021-04-04T13:22:25.926,46,46,MO,1,missing,missing,missing
2021-04-04T13:22:25.926,46,44,LO,-1,45.0,45.46666666666667,2.0
2021-04-04T13:22:26.087,44,17,MO,-1,missing,missing,missing
2021-04-04T13:22:26.087,44,-1,LO,1,45.0,46.04651162790697,2.0
2021-04-04T13:22:26.09,44,3,MO,-1,missing,missing,missing
2021-04-04T13:22:26.09,44,-4,LO,1,45.0,46.2,2.0
2021-04-04T13:22:26.748,46,18,OC,-1,45.0,46.57142857142857,2.0
2021-04-04T13:22:27.962,45,46,LO,-1,44.5,45.095238095238095,1.0
2021-04-04T13:22:28.463,43,497,OC,1,44.0,43.16942909760589,2.0
2021-04-04T13:22:29.107,45,22,MO,1,missing,missing,missing
2021-04-04T13:22:29.107,45,24,LO,-1,44.0,43.092130518234164,2.0
2021-04-04T13:22:30.037,43,65,MO,-1,missing,missing,missing
2021-04-04T13:22:30.037,43,432,LO,1,44.0,43.10526315789474,2.0
2021-04-04T13:22:30.037,43,14,MO,-1,missing,missing,missing
2021-04-04T13:22:30.037,43,418,LO,1,44.0,43.10859728506787,2.0
2021-04-04T13:22:33.736,45,23,MO,1,missing,missing,missing
2021-04-04T13:22:33.736,45,1,LO,-1,44.0,43.004773269689736,2.0
2021-04-04T13:22:34.38,44,21,LO,-1,43.5,43.04783599088838,1.0
2021-04-04T13:22:35.492,43,475,LO,1,43.5,43.042338709677416,1.0
2021-04-04T13:22:37.326,46,40,OC,-1,44.5,43.23300970873787,3.0
2021-04-04T13:22:38.16,46,319,LO,-1,44.5,44.20528967254408,3.0
2021-04-04T13:22:38.817,44,53,LO,-1,43.5,43.10037878787879,1.0
2021-04-04T13:22:39.19,43,543,LO,1,43.5,43.08892617449664,1.0
2021-04-04T13:22:39.469,44,101,LO,-1,43.5,43.15683229813665,1.0
2021-04-04T13:22:40.683,44,53,MO,1,missing,missing,missing
2021-04-04T13:22:40.683,44,48,LO,-1,43.5,43.08121827411168,1.0
2021-04-04T13:22:40.683,44,14,MO,1,missing,missing,missing
2021-04-04T13:22:40.683,44,34,LO,-1,43.5,43.05892547660312,1.0
2021-04-04T13:22:40.93,43,513,OC,1,43.5,43.06215722120658,1.0
2021-04-04T13:22:41.559,46,319,OC,-1,44.5,44.15024038461539,3.0
2021-04-04T13:22:42.673,46,40,OC,-1,44.5,43.21699819168174,3.0
2021-04-04T13:22:44.5,46,64,LO,-1,44.5,43.33275563258232,3.0
2021-04-04T13:22:45.245,43,480,OC,1,44.5,43.35294117647059,3.0
2021-04-04T13:22:45.465,46,880,LO,-1,44.5,44.94117647058823,3.0
2021-04-04T13:22:47.069,45,61,LO,-1,44.0,43.22550831792976,2.0
2021-04-04T13:22:47.935,44,30,LO,1,44.5,44.67032967032967,1.0
2021-04-04T13:22:48.069,43,480,OC,1,44.0,43.22550831792976,2.0
2021-04-04T13:22:50.695,43,375,OC,1,44.0,43.27981651376147,2.0
2021-04-04T13:23:01.837,43,9,MO,-1,missing,missing,missing
2021-04-04T13:23:01.837,43,366,LO,1,44.0,43.285714285714285,2.0
2021-04-04T13:23:01.837,43,27,MO,-1,missing,missing,missing
2021-04-04T13:23:01.837,43,339,LO,1,44.0,43.305,2.0
2021-04-04T13:23:07.98,47,86,OC,-1,45.0,43.809411764705885,4.0
2021-04-04T13:23:10.396,45,63,LO,-1,44.0,43.3134328358209,2.0
2021-04-04T13:23:12.981,43,19,MO,-1,missing,missing,missing
2021-04-04T13:23:12.981,43,320,LO,1,44.0,43.3289817232376,2.0
2021-04-04T13:23:12.982,43,33,MO,-1,missing,missing,missing
2021-04-04T13:23:12.982,43,287,LO,1,44.0,43.36,2.0
2021-04-04T13:23:14.565,44,20,LO,1,44.5,44.75903614457831,1.0
2021-04-04T13:23:14.575,45,101,LO,-1,44.5,44.83471074380165,1.0
2021-04-04T13:23:14.681,44,47,LO,1,44.5,44.682432432432435,1.0
2021-04-04T13:23:15.216,44,27,OC,1,44.5,44.7890625,1.0
2021-04-04T13:23:16.07,45,63,MO,1,missing,missing,missing
2021-04-04T13:23:16.07,45,38,LO,-1,44.5,44.58461538461538,1.0
2021-04-04T13:23:16.071,45,10,MO,1,missing,missing,missing
2021-04-04T13:23:16.071,45,28,LO,-1,44.5,44.50909090909091,1.0
2021-04-04T13:23:17.018,44,27,MO,-1,missing,missing,missing
2021-04-04T13:23:17.018,43,287,LO,1,44.0,43.17777777777778,2.0
2021-04-04T13:23:17.018,43,2,MO,-1,missing,missing,missing
2021-04-04T13:23:17.018,43,285,LO,1,44.0,43.17891373801917,2.0
2021-04-04T13:23:17.603,47,86,OC,-1,45.0,43.92722371967655,4.0
2021-04-04T13:23:17.632,44,26,LO,1,45.5,46.30357142857143,3.0
2021-04-04T13:23:18.782,45,164,LO,1,46.0,45.688,2.0
2021-04-04T13:23:20.94,46,1511,OC,-1,45.5,45.902089552238806,1.0
2021-04-04T13:23:21.147,46,1608,LO,-1,45.5,45.90744920993228,1.0
2021-04-04T13:23:21.611,44,26,OC,1,45.0,45.96817625458996,2.0
2021-04-04T13:23:23.047,45,22,LO,-1,44.5,44.458333333333336,1.0
2021-04-04T13:23:24.187,45,22,MO,1,missing,missing,missing
2021-04-04T13:23:24.187,46,1608,LO,-1,45.0,45.96817625458996,2.0
2021-04-04T13:23:24.192,46,6,MO,1,missing,missing,missing
2021-04-04T13:23:24.192,46,1602,LO,-1,45.0,45.96805896805897,2.0
2021-04-04T13:23:24.552,45,93,LO,1,45.5,45.945132743362834,1.0
2021-04-04T13:23:24.668,46,1166,OC,-1,45.5,45.92613185067514,1.0
2021-04-04T13:23:25.865,46,350,OC,-1,45.5,45.79006772009029,1.0
2021-04-04T13:23:26.095,45,26,MO,-1,missing,missing,missing
2021-04-04T13:23:26.095,45,67,LO,1,45.5,45.83932853717026,1.0
2021-04-04T13:23:26.896,46,12,MO,1,missing,missing,missing
2021-04-04T13:23:26.896,46,338,LO,-1,45.5,45.83456790123457,1.0
2021-04-04T13:23:26.896,46,9,MO,1,missing,missing,missing
2021-04-04T13:23:26.896,46,329,LO,-1,45.5,45.83080808080808,1.0
2021-04-04T13:23:27.551,45,149,LO,1,45.5,45.68828451882845,1.0
2021-04-04T13:23:28.141,46,235,OC,-1,45.5,45.611979166666664,1.0
2021-04-04T13:23:32.34,45,21,MO,-1,missing,missing,missing
2021-04-04T13:23:32.34,45,128,LO,1,45.5,45.647382920110196,1.0
2021-04-04T13:23:35.012,45,30,MO,-1,missing,missing,missing
2021-04-04T13:23:35.012,45,98,LO,1,45.5,45.705705705705704,1.0
2021-04-04T13:23:35.728,45,124,LO,1,45.5,45.65459610027855,1.0
2021-04-04T13:23:36.595,45,31,OC,1,45.5,45.88345864661654,1.0
2021-04-04T13:23:42.147,46,294,LO,-1,45.5,45.90461538461538,1.0
2021-04-04T13:23:45.342,45,53,LO,1,45.5,45.847262247838614,1.0
2021-04-04T13:23:48.298,46,328,LO,-1,45.5,45.86089238845145,1.0
2021-04-04T13:23:49.357,46,358,LO,-1,45.5,45.87104622871046,1.0
2021-04-04T13:23:54.826,46,299,OC,-1,45.5,45.84943181818182,1.0
2021-04-04T13:23:56.301,45,27,OC,1,45.5,45.91717791411043,1.0
2021-04-04T13:23:56.826,45,141,LO,1,45.5,45.679545454545455,1.0
2021-04-04T13:24:00.042,46,319,LO,-1,45.5,45.69347826086957,1.0
2021-04-04T13:24:03.894,45,167,LO,1,45.5,45.65637860082305,1.0
2021-04-04T13:24:06.815,46,835,LO,-1,45.5,45.833333333333336,1.0
2021-04-04T13:24:08.523,45,192,LO,1,45.5,45.81304771178189,1.0
2021-04-04T13:24:09.634,45,220,LO,1,45.5,45.791469194312796,1.0
2021-04-04T13:24:11.194,45,106,OC,1,45.5,45.88735387885229,1.0
2021-04-04T13:24:11.408,46,953,LO,-1,45.5,45.89990557129367,1.0
2021-04-04T13:24:13.008,46,909,OC,-1,45.5,45.895566502463055,1.0
2021-04-04T13:24:13.497,45,81,OC,1,45.5,45.91818181818182,1.0
2021-04-04T13:24:15.936,45,114,LO,1,45.5,45.888563049853374,1.0
2021-04-04T13:24:17.385,45,171,LO,1,45.5,45.84166666666667,1.0
2021-04-04T13:24:19.977,46,791,OC,-1,45.5,45.82224532224532,1.0
2021-04-04T13:24:20.14,45,143,OC,1,45.5,45.84689507494647,1.0
2021-04-04T13:24:21.387,46,771,OC,-1,45.5,45.84354485776805,1.0
2021-04-04T13:24:24.299,45,82,MO,-1,missing,missing,missing
2021-04-04T13:24:24.299,45,61,LO,1,45.5,45.92668269230769,1.0
2021-04-04T13:24:24.299,45,21,MO,-1,missing,missing,missing
2021-04-04T13:24:24.299,45,40,LO,1,45.5,45.95067817509248,1.0
2021-04-04T13:24:25.445,46,797,LO,-1,45.5,45.95221027479092,1.0
2021-04-04T13:24:25.706,46,859,LO,-1,45.5,45.95550611790879,1.0
2021-04-04T13:24:26.439,45,198,LO,1,45.5,45.81267738883633,1.0
2021-04-04T13:24:27.423,45,250,LO,1,45.5,45.774571686203785,1.0
2021-04-04T13:24:27.772,45,316,LO,1,45.5,45.73106382978723,1.0
2021-04-04T13:24:27.832,46,883,LO,-1,45.5,45.736447039199334,1.0
2021-04-04T13:24:28.164,46,13,MO,1,missing,missing,missing
2021-04-04T13:24:28.164,46,870,LO,-1,45.5,45.733558178752105,1.0
2021-04-04T13:24:28.17,46,22,MO,1,missing,missing,missing
2021-04-04T13:24:28.17,46,848,LO,-1,45.5,45.72852233676976,1.0
2021-04-04T13:24:28.296,46,824,OC,-1,45.5,45.72280701754386,1.0
2021-04-04T13:24:28.72,45,345,LO,1,45.5,45.704875962360994,1.0
2021-04-04T13:24:30.674,46,855,LO,-1,45.5,45.7125,1.0
2021-04-04T13:24:30.762,45,401,LO,1,45.5,45.68073248407644,1.0
2021-04-04T13:24:31.156,46,878,LO,-1,45.5,45.68647380766224,1.0
2021-04-04T13:24:31.676,45,349,OC,1,45.5,45.71556642216789,1.0
2021-04-04T13:24:32.52,46,854,OC,-1,45.5,45.709891936824604,1.0
2021-04-04T13:24:33.359,46,876,LO,-1,45.5,45.715102040816326,1.0
2021-04-04T13:24:34.133,46,989,LO,-1,45.5,45.73916292974589,1.0
2021-04-04T13:24:34.681,45,293,OC,1,45.5,45.77145085803432,1.0
2021-04-04T13:24:35.553,46,876,OC,-1,45.5,45.74935842600513,1.0
2021-04-04T13:24:37.683,46,854,OC,-1,45.5,45.744551002615516,1.0
2021-04-04T13:24:38.58,45,1,MO,-1,missing,missing,missing
2021-04-04T13:24:38.58,45,292,LO,1,45.5,45.74520069808028,1.0
2021-04-04T13:24:38.585,45,26,MO,-1,missing,missing,missing
2021-04-04T13:24:38.585,45,266,LO,1,45.5,45.7625,1.0
2021-04-04T13:24:38.639,45,302,LO,1,45.5,45.738754325259514,1.0
2021-04-04T13:24:39.606,45,323,LO,1,45.5,45.725573491928635,1.0
2021-04-04T13:24:39.889,46,880,LO,-1,45.5,45.73150457190357,1.0
2021-04-04T13:24:40.706,46,847,OC,-1,45.5,45.72393162393163,1.0
2021-04-04T13:24:42.238,45,399,LO,1,45.5,45.67977528089887,1.0
2021-04-04T13:24:42.874,46,1096,LO,-1,45.5,45.73311036789298,1.0
2021-04-04T13:24:43.753,45,342,OC,1,45.5,45.76216968011126,1.0
2021-04-04T13:24:46.079,45,276,OC,1,45.5,45.798833819241985,1.0
2021-04-04T13:24:46.178,46,97,MO,1,missing,missing,missing
2021-04-04T13:24:46.178,46,999,LO,-1,45.5,45.783529411764704,1.0
2021-04-04T13:24:46.178,46,34,MO,1,missing,missing,missing
2021-04-04T13:24:46.178,46,965,LO,-1,45.5,45.777598710717164,1.0
2021-04-04T13:24:46.178,46,18,MO,1,missing,missing,missing
2021-04-04T13:24:46.178,46,947,LO,-1,45.5,45.77432542927228,1.0
2021-04-04T13:24:49.593,46,916,OC,-1,45.5,45.76845637583892,1.0
2021-04-04T13:24:49.713,46,893,OC,-1,45.5,45.76390076988879,1.0
2021-04-04T13:24:49.891,46,12,MO,1,missing,missing,missing
2021-04-04T13:24:49.891,46,881,LO,-1,45.5,45.76145203111495,1.0
2021-04-04T13:24:49.892,46,16,MO,1,missing,missing,missing
2021-04-04T13:24:49.892,46,865,LO,-1,45.5,45.75810692375109,1.0
2021-04-04T13:24:50.713,45,344,LO,1,45.5,45.71546732837056,1.0
2021-04-04T13:24:53.401,45,371,LO,1,45.5,45.69983818770226,1.0
2021-04-04T13:24:55.199,46,349,OC,-1,45.5,45.484722222222224,1.0
2021-04-04T13:24:55.944,45,401,LO,1,45.5,45.465333333333334,1.0
2021-04-04T13:24:56.453,45,432,LO,1,45.5,45.44686299615877,1.0
2021-04-04T13:25:01.037,45,480,LO,1,45.5,45.42098914354644,1.0
2021-04-04T13:25:05.357,46,379,LO,-1,45.5,45.441210710128054,1.0
2021-04-04T13:25:10.792,45,524,LO,1,45.5,45.41971207087486,1.0
2021-04-04T13:25:12.701,46,470,LO,-1,45.5,45.47283702213279,1.0
2021-04-04T13:25:13.773,45,556,LO,1,45.5,45.45808966861598,1.0
2021-04-04T13:25:20.479,46,408,OC,-1,45.5,45.42323651452282,1.0
2021-04-04T13:25:25.193,45,33,MO,-1,missing,missing,missing
2021-04-04T13:25:25.193,45,523,LO,1,45.5,45.43823845327605,1.0
2021-04-04T13:25:25.194,45,2,MO,-1,missing,missing,missing
2021-04-04T13:25:25.194,45,521,LO,1,45.5,45.43918191603875,1.0
2021-04-04T13:25:26.311,46,384,OC,-1,45.5,45.424309392265194,1.0
2021-04-04T13:25:32.822,45,21,MO,-1,missing,missing,missing
2021-04-04T13:25:32.822,45,500,LO,1,45.5,45.43438914027149,1.0
2021-04-04T13:25:34.02,45,56,MO,-1,missing,missing,missing
2021-04-04T13:25:34.02,45,444,LO,1,45.5,45.46376811594203,1.0
2021-04-04T13:25:34.341,45,5041,LO,1,45.5,45.07078341013825,1.0
2021-04-04T13:25:41.223,46,354,OC,-1,45.5,45.065616311399445,1.0
2021-04-04T13:25:41.34,46,26,MO,1,missing,missing,missing
2021-04-04T13:25:41.34,46,328,LO,-1,45.5,45.06109145092196,1.0
2021-04-04T13:25:41.34,46,2,MO,1,missing,missing,missing
2021-04-04T13:25:41.34,46,326,LO,-1,45.5,45.06074156884666,1.0
2021-04-04T13:25:43.597,45,5092,LO,1,45.5,45.06016980435585,1.0
2021-04-04T13:25:44.624,46,11288,LO,-1,45.5,45.68913308913309,1.0
2021-04-04T13:25:46.059,45,29,MO,-1,missing,missing,missing
2021-04-04T13:25:46.059,45,5063,LO,1,45.5,45.69035532994924,1.0
2021-04-04T13:25:47.504,45,32,MO,-1,missing,missing,missing
2021-04-04T13:25:47.504,45,5031,LO,1,45.5,45.69170905079968,1.0
2021-04-04T13:25:47.605,45,5124,LO,1,45.5,45.687789422373875,1.0
2021-04-04T13:25:49.765,46,24,MO,1,missing,missing,missing
2021-04-04T13:25:49.765,46,11264,LO,-1,45.5,45.6873321942885,1.0
2021-04-04T13:25:49.765,46,16,MO,1,missing,missing,missing
2021-04-04T13:25:49.765,46,11248,LO,-1,45.5,45.68702663083313,1.0
2021-04-04T13:25:51.147,46,11273,LO,-1,45.5,45.68750381167287,1.0
2021-04-04T13:25:52.103,45,5166,LO,1,45.5,45.685747308230425,1.0
2021-04-04T13:25:53.317,46,11024,OC,-1,45.5,45.68091414453366,1.0
2021-04-04T13:25:56.151,46,20,MO,1,missing,missing,missing
2021-04-04T13:25:56.151,46,11004,LO,-1,45.5,45.68051948051948,1.0
2021-04-04T13:26:01.078,45,5135,OC,1,45.5,45.68182663114195,1.0
2021-04-04T13:26:09.726,45,5231,LO,1,45.5,45.67779488758854,1.0
2021-04-04T13:26:25.62,46,11027,LO,-1,45.5,45.67825070734408,1.0
2021-04-04T13:26:26.511,45,5260,LO,1,45.5,45.67704304046172,1.0
2021-04-04T13:26:31.038,45,5307,LO,1,45.5,45.67509489408596,1.0
2021-04-04T13:26:33.483,46,11057,LO,-1,45.5,45.67569054021022,1.0
2021-04-04T13:26:35.718,45,18,MO,-1,missing,missing,missing
2021-04-04T13:26:35.718,45,5289,LO,1,45.5,45.67643460173743,1.0
2021-04-04T13:26:35.718,45,5,MO,-1,missing,missing,missing
2021-04-04T13:26:35.718,45,5284,LO,1,45.5,45.676641576402915,1.0
2021-04-04T13:26:36.082,45,6080,LO,1,45.5,45.645212114139,1.0
2021-04-04T13:26:37.746,46,11032,OC,-1,45.5,45.64469378214119,1.0
2021-04-04T13:26:38.534,45,6128,LO,1,45.5,45.64289044289044,1.0
2021-04-04T13:26:39.46,46,11090,LO,-1,45.5,45.64409339063771,1.0
2021-04-04T13:26:39.856,45,6210,LO,1,45.5,45.641040462427746,1.0
2021-04-04T13:26:42.451,46,29,MO,1,missing,missing,missing
2021-04-04T13:26:42.451,46,11061,LO,-1,45.5,45.640437727983326,1.0
2021-04-04T13:26:47.044,45,6166,OC,1,45.5,45.64207348929007,1.0
