DateTime,Price,Volume,Type,Side,MidPrice,MicroPrice,Spread
2021-04-07T14:51:08.817,51,60,LO,-1,missing,missing,missing
2021-04-07T14:51:18.098,46,24,LO,1,48.5,49.57142857142857,5.0
2021-04-07T14:51:19.726,46,21,MO,-1,missing,missing,missing
2021-04-07T14:51:19.726,46,3,LO,1,48.5,50.76190476190476,5.0
2021-04-07T14:51:22.332,missing,missing,OC,1,missing,missing,missing
2021-04-07T14:51:22.531,50,49,LO,-1,missing,missing,missing
2021-04-07T14:51:29.032,49,58,LO,-1,missing,missing,missing
2021-04-07T14:51:32.04,44,40,LO,1,46.5,46.95918367346939,5.0
2021-04-07T14:51:37.75,45,30,LO,1,47.0,47.63636363636363,4.0
2021-04-07T14:51:38.932,51,60,OC,-1,48.0,49.0,6.0
2021-04-07T14:51:41.587,46,26,LO,1,48.5,49.48837209302326,5.0
2021-04-07T14:51:41.635,50,235,LO,-1,48.0,49.60153256704981,4.0
2021-04-07T14:51:41.932,46,22,MO,-1,missing,missing,missing
2021-04-07T14:51:41.932,46,4,LO,1,48.0,49.93305439330544,4.0
2021-04-07T14:51:43.524,49,70,LO,-1,47.5,48.83783783783784,3.0
2021-04-07T14:51:44.548,47,26,LO,1,48.0,48.458333333333336,2.0
2021-04-07T14:51:48.145,48,24,LO,-1,47.5,47.48,1.0
2021-04-07T14:51:48.92,48,29,LO,1,48.0,48.0,0.0
2021-04-07T14:51:48.928,48,24,EMO,1,48.0,48.0,0.0
2021-04-07T14:51:48.928,49,70,LO,-1,48.5,48.93333333333333,1.0
2021-04-07T14:51:51.602,49,33,LO,1,49.0,49.0,0.0
2021-04-07T14:51:51.605,49,33,EMO,1,48.5,48.93333333333333,1.0
2021-04-07T14:51:51.605,49,37,LO,-1,48.5,48.88095238095238,1.0
2021-04-07T14:52:04.426,47,58,OC,1,48.0,47.77894736842105,2.0
2021-04-07T14:52:15.795,47,26,MO,-1,missing,missing,missing
2021-04-07T14:52:15.795,47,32,LO,1,48.0,48.072463768115945,2.0
2021-04-07T14:52:15.796,47,14,MO,-1,missing,missing,missing
2021-04-07T14:52:15.796,47,18,LO,1,48.0,48.345454545454544,2.0
2021-04-07T14:52:20.777,52,36,OC,-1,49.5,50.333333333333336,5.0
2021-04-07T14:52:25.961,47,18,MO,-1,missing,missing,missing
2021-04-07T14:52:25.961,46,4,LO,1,49.0,51.4,6.0
2021-04-07T14:52:25.971,46,4,MO,-1,missing,missing,missing
2021-04-07T14:52:25.971,45,99,LO,1,48.5,46.86666666666667,7.0
2021-04-07T14:52:25.972,45,30,MO,-1,missing,missing,missing
2021-04-07T14:52:25.972,45,69,LO,1,48.5,47.4,7.0
2021-04-07T14:52:25.972,45,69,MO,-1,missing,missing,missing
2021-04-07T14:52:25.972,missing,missing,LO,1,missing,missing,missing
2021-04-07T14:52:26.824,47,79,LO,1,49.5,48.56521739130435,5.0
2021-04-07T14:52:30.476,46,25,OC,1,49.0,49.540983606557376,6.0
2021-04-07T14:52:31.911,47,62,LO,1,49.5,48.83673469387755,5.0
2021-04-07T14:52:33.951,51,65,LO,-1,49.0,49.04724409448819,4.0
2021-04-07T14:52:35.03,50,192,LO,-1,48.5,49.267716535433074,3.0
2021-04-07T14:52:35.611,51,65,OC,-1,49.0,49.04724409448819,4.0
2021-04-07T14:52:39.725,46,55,OC,1,48.5,48.708333333333336,5.0
2021-04-07T14:52:40.464,46,30,OC,1,48.5,49.421052631578945,5.0
2021-04-07T14:52:47.827,51,49,MO,1,missing,missing,missing
2021-04-07T14:52:47.827,51,16,LO,-1,48.5,47.73913043478261,5.0
2021-04-07T14:52:47.985,50,87,LO,-1,48.0,48.97435897435897,4.0
2021-04-07T14:52:48.379,50,61,MO,1,missing,missing,missing
2021-04-07T14:52:48.379,50,26,LO,-1,48.0,47.857142857142854,4.0
2021-04-07T14:52:48.459,47,53,LO,1,48.5,47.9873417721519,3.0
2021-04-07T14:52:52.507,48,167,LO,1,49.0,48.26943005181347,2.0
2021-04-07T14:52:52.616,49,76,LO,1,49.5,49.254901960784316,1.0
2021-04-07T14:52:53.219,49,30,LO,-1,49.0,49.0,0.0
2021-04-07T14:52:53.226,49,30,EMO,-1,49.5,49.254901960784316,1.0
2021-04-07T14:52:53.226,49,46,LO,1,49.5,49.361111111111114,1.0
2021-04-07T14:52:53.345,50,24,LO,1,50.0,50.0,0.0
2021-04-07T14:52:53.354,50,24,EMO,1,49.5,49.361111111111114,1.0
2021-04-07T14:52:53.354,50,2,LO,-1,49.5,49.041666666666664,1.0
2021-04-07T14:52:53.826,49,32,MO,-1,missing,missing,missing
2021-04-07T14:52:53.826,49,14,LO,1,49.5,49.125,1.0
2021-04-07T14:52:53.907,50,2,MO,1,missing,missing,missing
2021-04-07T14:52:53.907,52,122,LO,-1,50.5,51.69117647058823,3.0
2021-04-07T14:52:53.908,52,29,MO,1,missing,missing,missing
2021-04-07T14:52:53.908,52,93,LO,-1,50.5,51.60747663551402,3.0
2021-04-07T14:52:56.194,51,24,LO,-1,50.0,50.26315789473684,2.0
2021-04-07T14:52:57.321,51,21,MO,1,missing,missing,missing
2021-04-07T14:52:57.321,51,3,LO,-1,50.0,49.35294117647059,2.0
2021-04-07T14:52:57.423,52,93,OC,-1,50.5,51.60747663551402,3.0
2021-04-07T14:52:58.135,49,14,MO,-1,missing,missing,missing
2021-04-07T14:52:58.135,48,302,LO,1,50.0,48.94177215189873,4.0
2021-04-07T14:52:58.136,48,167,MO,-1,missing,missing,missing
2021-04-07T14:52:58.136,48,135,LO,1,50.0,49.63157894736842,4.0
2021-04-07T14:52:58.136,48,44,MO,-1,missing,missing,missing
2021-04-07T14:52:58.136,48,91,LO,1,50.0,50.02173913043478,4.0
2021-04-07T14:52:58.538,48,31,OC,1,50.0,51.0,4.0
2021-04-07T14:52:59.083,49,224,LO,1,50.5,49.8801261829653,3.0
2021-04-07T14:52:59.277,52,43,OC,-1,50.5,49.48314606741573,3.0
2021-04-07T14:53:00.099,51,60,LO,-1,50.0,49.42253521126761,2.0
2021-04-07T14:53:00.405,50,97,LO,-1,49.5,49.30218068535826,1.0
2021-04-07T14:53:00.62,49,30,LO,-1,49.0,49.0,0.0
2021-04-07T14:53:00.621,49,30,EMO,-1,49.5,49.30218068535826,1.0
2021-04-07T14:53:00.621,49,194,LO,1,49.5,49.333333333333336,1.0
2021-04-07T14:53:00.88,49,59,LO,-1,49.0,49.0,0.0
2021-04-07T14:53:00.884,49,59,EMO,-1,49.5,49.333333333333336,1.0
2021-04-07T14:53:00.884,49,135,LO,1,49.5,49.418103448275865,1.0
2021-04-07T14:53:02.688,51,122,OC,-1,50.0,49.94941634241245,2.0
2021-04-07T14:53:02.721,50,467,LO,-1,49.5,49.77574750830565,1.0
2021-04-07T14:53:04.208,51,60,OC,-1,50.0,49.61538461538461,2.0
2021-04-07T14:53:04.359,50,92,LO,-1,49.5,49.40528634361233,1.0
2021-04-07T14:53:04.806,48,31,OC,1,49.0,49.49593495934959,2.0
2021-04-07T14:53:06.142,47,24,OC,1,48.5,49.37931034482759,3.0
2021-04-07T14:53:06.34,51,60,OC,-1,49.0,49.857142857142854,4.0
2021-04-07T14:53:08.504,50,47,LO,-1,48.5,48.985915492957744,3.0
2021-04-07T14:53:10.285,47,24,MO,-1,missing,missing,missing
2021-04-07T14:53:10.285,missing,missing,LO,1,missing,missing,missing
2021-04-07T14:53:13.366,45,618,LO,1,47.5,45.35338345864662,5.0
2021-04-07T14:53:14.794,missing,missing,OC,1,missing,missing,missing
2021-04-07T14:53:15.206,45,24,LO,1,47.5,48.309859154929576,5.0
2021-04-07T14:53:20.565,46,51,LO,1,48.0,47.91836734693877,4.0
2021-04-07T14:53:21.126,47,28,LO,1,48.5,48.88,3.0
2021-04-07T14:53:41.888,51,116,OC,-1,49.0,50.22222222222222,4.0
2021-04-07T14:53:41.999,46,779,OC,1,48.5,46.64804469273743,5.0
2021-04-07T14:54:12.067,47,21,LO,1,49.0,50.386861313868614,4.0
2021-04-07T14:54:17.435,50,89,LO,-1,48.5,49.42727272727273,3.0
2021-04-07T14:54:18.759,48,43,LO,1,49.0,49.34848484848485,2.0
2021-04-07T14:54:19.012,48,21,MO,-1,missing,missing,missing
2021-04-07T14:54:19.012,48,22,LO,1,49.0,49.6036036036036,2.0
2021-04-07T14:54:19.728,49,32,LO,1,49.5,49.735537190082646,1.0
2021-04-07T14:54:21.366,49,49,LO,-1,49.0,49.0,0.0
2021-04-07T14:54:21.376,49,32,EMO,-1,49.0,49.0,0.0
2021-04-07T14:54:21.376,48,22,LO,1,48.5,48.43589743589744,1.0
2021-04-07T14:54:30.12,48,22,MO,-1,missing,missing,missing
2021-04-07T14:54:30.12,47,21,LO,1,48.0,47.89473684210526,2.0
2021-04-07T14:54:30.133,47,21,MO,-1,missing,missing,missing
2021-04-07T14:54:30.133,46,811,LO,1,47.5,46.06159420289855,3.0
2021-04-07T14:54:30.134,46,51,MO,-1,missing,missing,missing
2021-04-07T14:54:30.134,46,760,LO,1,47.5,46.06563706563706,3.0
2021-04-07T14:54:30.134,46,37,MO,-1,missing,missing,missing
2021-04-07T14:54:30.134,46,723,LO,1,47.5,46.06891891891892,3.0
2021-04-07T14:54:30.134,46,112,MO,-1,missing,missing,missing
2021-04-07T14:54:30.134,46,611,LO,1,47.5,46.0812101910828,3.0
2021-04-07T14:54:31.283,49,17,MO,1,missing,missing,missing
2021-04-07T14:54:31.283,50,109,LO,-1,48.0,46.605555555555554,4.0
2021-04-07T14:54:31.283,50,16,MO,1,missing,missing,missing
2021-04-07T14:54:31.283,50,93,LO,-1,48.0,46.52840909090909,4.0
2021-04-07T14:54:31.43,47,70,LO,1,48.5,48.71165644171779,3.0
2021-04-07T14:54:39.512,50,73,MO,1,missing,missing,missing
2021-04-07T14:54:39.512,50,20,LO,-1,48.5,47.666666666666664,3.0
2021-04-07T14:54:39.512,50,20,MO,1,missing,missing,missing
2021-04-07T14:54:39.512,51,549,LO,-1,49.0,50.54765751211632,4.0
2021-04-07T14:54:39.512,51,15,MO,1,missing,missing,missing
2021-04-07T14:54:39.512,51,534,LO,-1,49.0,50.5364238410596,4.0
2021-04-07T14:54:47.382,48,39,LO,1,49.5,50.795811518324605,3.0
2021-04-07T14:54:49.85,47,70,OC,1,49.0,50.5364238410596,4.0
2021-04-07T14:54:52.841,51,511,OC,-1,49.0,50.51807228915663,4.0
2021-04-07T14:54:53.261,48,31,LO,1,49.5,50.82841328413284,3.0
2021-04-07T14:54:54.377,51,78,OC,-1,49.5,50.14678899082569,3.0
2021-04-07T14:54:59.257,51,45,OC,-1,49.5,49.776315789473685,3.0
2021-04-07T14:55:00.3,50,33,LO,-1,49.0,49.03125,2.0
2021-04-07T14:55:03.482,48,23,MO,-1,missing,missing,missing
2021-04-07T14:55:03.482,48,8,LO,1,49.0,49.609756097560975,2.0
2021-04-07T14:55:03.808,47,140,OC,1,48.5,47.57225433526011,3.0
2021-04-07T14:55:11.035,47,113,OC,1,48.5,47.678082191780824,3.0
2021-04-07T14:55:11.751,49,31,LO,-1,48.0,47.43055555555556,2.0
2021-04-07T14:55:11.771,48,79,LO,-1,47.5,47.411458333333336,1.0
2021-04-07T14:55:11.994,47,91,LO,-1,47.0,47.0,0.0
2021-04-07T14:55:12.001,47,70,EMO,-1,47.0,47.0,0.0
2021-04-07T14:55:12.001,47,43,LO,1,47.0,47.0,0.0
2021-04-07T14:55:12.001,47,21,EMO,-1,47.5,47.64754098360656,1.0
2021-04-07T14:55:12.001,47,22,LO,1,47.5,47.78217821782178,1.0
2021-04-07T14:55:13.523,48,48,MO,1,missing,missing,missing
2021-04-07T14:55:13.523,48,31,LO,-1,47.5,47.58490566037736,1.0
2021-04-07T14:55:14.332,46,721,OC,1,47.0,46.08244680851064,2.0
2021-04-07T14:55:19.797,47,27,LO,1,47.5,47.53448275862069,1.0
2021-04-07T14:55:24.351,47,78,LO,-1,47.0,47.0,0.0
2021-04-07T14:55:24.36,47,27,EMO,-1,47.0,47.0,0.0
2021-04-07T14:55:24.36,46,721,LO,1,46.5,46.0660621761658,1.0
2021-04-07T14:55:29.776,47,43,LO,1,47.0,47.0,0.0
2021-04-07T14:55:29.785,47,43,EMO,1,46.5,46.0660621761658,1.0
2021-04-07T14:55:29.785,47,8,LO,-1,46.5,46.010973936899866,1.0
2021-04-07T14:55:32.43,46,33,LO,-1,46.0,46.0,0.0
2021-04-07T14:55:32.436,46,33,EMO,-1,46.5,46.010973936899866,1.0
2021-04-07T14:55:32.436,46,688,LO,1,46.5,46.01149425287356,1.0
2021-04-07T14:55:33.457,46,578,OC,1,46.5,46.01365187713311,1.0
2021-04-07T14:55:34.953,47,53,LO,1,47.0,47.0,0.0
2021-04-07T14:55:34.954,47,8,EMO,1,47.0,47.0,0.0
2021-04-07T14:55:34.954,48,236,LO,-1,47.5,47.83985765124555,1.0
2021-04-07T14:55:35.073,46,578,OC,1,47.0,46.57985257985258,2.0
2021-04-07T14:55:37.259,47,71,LO,-1,46.5,46.10939907550077,1.0
2021-04-07T14:55:38.837,46,-113,OC,1,46.5,44.30952380952381,1.0
2021-04-07T14:55:39.378,47,71,MO,1,missing,missing,missing
2021-04-07T14:55:39.378,48,236,LO,-1,47.0,49.83739837398374,2.0
2021-04-07T14:55:39.384,48,31,MO,1,missing,missing,missing
2021-04-07T14:55:39.384,48,205,LO,-1,47.0,50.45652173913044,2.0
2021-04-07T14:55:39.384,48,11,MO,1,missing,missing,missing
2021-04-07T14:55:39.384,48,194,LO,-1,47.0,50.79012345679013,2.0
2021-04-07T14:55:41.751,45,67,OC,1,46.5,47.229885057471265,3.0
2021-04-07T14:55:43.119,45,23,OC,1,46.5,47.68202764976959,3.0
2021-04-07T14:55:43.257,48,25,OC,-1,46.5,46.5625,3.0
2021-04-07T14:55:45.534,47,21,LO,-1,46.0,45.95454545454545,2.0
2021-04-07T14:55:50.113,missing,missing,OC,1,missing,missing,missing
2021-04-07T14:55:50.73,47,21,MO,1,missing,missing,missing
2021-04-07T14:55:50.73,48,36,LO,-1,missing,missing,missing
2021-04-07T14:55:50.73,48,17,MO,1,missing,missing,missing
2021-04-07T14:55:50.73,48,19,LO,-1,missing,missing,missing
2021-04-07T14:55:51.381,43,36,LO,1,45.5,44.72727272727273,5.0
2021-04-07T14:55:53.507,missing,missing,OC,1,missing,missing,missing
2021-04-07T14:55:56.038,48,19,MO,1,missing,missing,missing
2021-04-07T14:55:56.038,49,156,LO,-1,missing,missing,missing
2021-04-07T14:55:56.041,49,21,MO,1,missing,missing,missing
2021-04-07T14:55:56.041,49,135,LO,-1,missing,missing,missing
2021-04-07T14:55:56.169,44,285,LO,1,46.5,45.607142857142854,5.0
2021-04-07T14:55:56.411,45,34,LO,1,47.0,48.19526627218935,4.0
2021-04-07T14:55:57.488,46,45,LO,1,47.5,48.25,3.0
2021-04-07T14:55:57.865,49,104,OC,-1,47.5,48.09395973154363,3.0
2021-04-07T14:55:58.632,49,99,MO,1,missing,missing,missing
2021-04-07T14:55:58.632,49,5,LO,-1,47.5,46.3,3.0
2021-04-07T14:55:59.177,48,81,LO,-1,47.0,47.285714285714285,2.0
2021-04-07T14:56:02.943,47,47,LO,-1,46.5,46.51086956521739,1.0
2021-04-07T14:56:03.4,45,194,OC,1,46.0,45.39004149377593,2.0
2021-04-07T14:56:04.884,46,107,LO,-1,45.5,45.35548172757475,1.0
2021-04-07T14:56:11.887,47,72,OC,-1,46.0,45.54135338345865,2.0
2021-04-07T14:56:12.048,46,354,LO,1,46.5,46.16901408450704,1.0
2021-04-07T14:56:20.624,47,23,LO,1,47.0,47.0,0.0
2021-04-07T14:56:20.625,47,23,EMO,1,46.5,46.16901408450704,1.0
2021-04-07T14:56:20.625,47,49,LO,-1,46.5,46.121588089330025,1.0
2021-04-07T14:56:29.201,missing,missing,OC,1,missing,missing,missing
2021-04-07T14:56:38.833,46,49,LO,-1,missing,missing,missing
2021-04-07T14:56:38.868,46,22,MO,1,missing,missing,missing
2021-04-07T14:56:38.868,46,27,LO,-1,missing,missing,missing
2021-04-07T14:56:38.946,41,62,LO,1,43.5,42.51685393258427,5.0
2021-04-07T14:56:43.613,47,159,OC,-1,44.0,45.31674208144796,6.0
2021-04-07T14:57:16.928,46,26,LO,-1,43.5,42.47727272727273,5.0
2021-04-07T14:57:18.989,42,26,LO,1,44.0,44.0,4.0
2021-04-07T14:57:22.956,42,26,MO,-1,missing,missing,missing
2021-04-07T14:57:22.956,41,62,LO,1,43.5,42.47727272727273,5.0
2021-04-07T14:57:22.963,41,62,MO,-1,missing,missing,missing
2021-04-07T14:57:22.963,40,35,LO,1,43.0,42.557377049180324,6.0
2021-04-07T14:57:22.964,40,35,MO,-1,missing,missing,missing
2021-04-07T14:57:22.964,missing,missing,LO,1,missing,missing,missing
2021-04-07T14:57:23.098,46,25,MO,1,missing,missing,missing
2021-04-07T14:57:23.098,46,1,LO,-1,missing,missing,missing
2021-04-07T14:57:23.607,47,159,OC,-1,missing,missing,missing
2021-04-07T14:57:25.339,46,24,LO,-1,missing,missing,missing
2021-04-07T14:57:26.219,47,159,OC,-1,missing,missing,missing
2021-04-07T14:57:27.643,46,65,LO,-1,missing,missing,missing
2021-04-07T14:57:31.161,45,35,LO,-1,missing,missing,missing
2021-04-07T14:57:33.24,40,1283,LO,1,42.5,40.13277693474962,5.0
2021-04-07T14:57:35.142,missing,missing,OC,1,missing,missing,missing
2021-04-07T14:57:42.86,46,65,OC,-1,missing,missing,missing
2021-04-07T14:57:44.007,41,22,LO,1,43.5,44.735632183908045,5.0
2021-04-07T14:57:44.817,45,51,LO,-1,43.0,43.794520547945204,4.0
2021-04-07T14:57:45.949,42,25,LO,1,43.5,44.01315789473684,3.0
2021-04-07T14:57:48.931,43,69,LO,1,44.0,43.85,2.0
2021-04-07T14:57:51.438,44,28,LO,1,44.5,44.64556962025316,1.0
2021-04-07T14:57:52.169,44,33,LO,-1,44.0,44.0,0.0
2021-04-07T14:57:52.172,44,28,EMO,-1,44.0,44.0,0.0
2021-04-07T14:57:52.172,43,69,LO,1,43.5,43.067567567567565,1.0
2021-04-07T14:57:53.211,45,51,OC,-1,44.0,43.85,2.0
2021-04-07T14:57:55.871,45,23,MO,1,missing,missing,missing
2021-04-07T14:57:55.871,45,28,LO,-1,44.0,43.577319587628864,2.0
2021-04-07T14:57:57.128,45,25,MO,1,missing,missing,missing
2021-04-07T14:57:57.128,45,3,LO,-1,44.0,43.083333333333336,2.0
2021-04-07T14:58:07.244,44,27,LO,-1,43.5,43.28125,1.0
2021-04-07T14:58:08.529,43,35,LO,-1,43.0,43.0,0.0
2021-04-07T14:58:08.529,43,35,EMO,-1,43.5,43.28125,1.0
2021-04-07T14:58:08.529,43,34,LO,1,43.5,43.442622950819676,1.0
2021-04-07T14:58:09.857,45,3,OC,-1,44.0,43.16216216216216,2.0
2021-04-07T14:58:10.91,46,108,OC,-1,44.5,45.28169014084507,3.0
2021-04-07T14:58:12.701,45,81,LO,-1,44.0,44.40869565217391,2.0
2021-04-07T14:58:12.946,43,34,MO,-1,missing,missing,missing
2021-04-07T14:58:12.946,42,110,LO,1,43.5,43.27225130890052,3.0
2021-04-07T14:58:12.946,42,22,MO,-1,missing,missing,missing
2021-04-07T14:58:12.946,42,88,LO,1,43.5,43.437869822485204,3.0
2021-04-07T14:58:17.789,43,91,LO,1,44.0,43.94186046511628,2.0
2021-04-07T14:58:53.52,44,33,LO,1,44.5,44.71052631578947,1.0
2021-04-07T14:58:53.634,43,91,OC,1,44.0,43.94186046511628,2.0
2021-04-07T14:58:54.682,42,152,OC,1,43.5,43.042918454935624,3.0
2021-04-07T14:58:58.328,42,85,MO,-1,missing,missing,missing
2021-04-07T14:58:58.328,42,67,LO,1,43.5,43.641891891891895,3.0
2021-04-07T14:58:58.328,42,25,MO,-1,missing,missing,missing
2021-04-07T14:58:58.328,42,42,LO,1,43.5,43.97560975609756,3.0
2021-04-07T14:58:58.329,42,15,MO,-1,missing,missing,missing
2021-04-07T14:58:58.329,42,27,LO,1,43.5,44.25,3.0
2021-04-07T14:59:00.109,44,33,LO,-1,43.0,43.1,2.0
2021-04-07T14:59:01.392,41,24,OC,1,42.5,42.73684210526316,3.0
2021-04-07T14:59:01.85,43,26,LO,-1,42.0,42.04,2.0
2021-04-07T14:59:02.634,42,20,LO,1,42.5,42.56521739130435,1.0
2021-04-07T14:59:02.771,41,24,OC,1,42.0,42.04,2.0
2021-04-07T14:59:03.574,41,24,MO,-1,missing,missing,missing
2021-04-07T14:59:03.574,missing,missing,LO,1,missing,missing,missing
2021-04-07T14:59:04.699,44,33,OC,-1,missing,missing,missing
2021-04-07T14:59:04.721,39,40,LO,1,41.5,41.26027397260274,5.0
2021-04-07T14:59:04.916,45,81,OC,-1,42.0,43.01652892561984,6.0
2021-04-07T14:59:06.604,40,309,LO,1,42.5,41.03846153846154,5.0
2021-04-07T14:59:08.469,39,40,OC,1,42.0,43.01652892561984,6.0
2021-04-07T14:59:08.833,40,34,LO,1,42.5,43.52173913043478,5.0
2021-04-07T14:59:09.051,41,21,LO,1,43.0,44.1764705882353,4.0
2021-04-07T14:59:11.197,44,31,LO,-1,42.5,42.78846153846154,3.0
2021-04-07T14:59:11.834,43,25,LO,-1,42.0,42.08695652173913,2.0
2021-04-07T14:59:12.125,40,248,OC,1,41.5,40.27472527472528,3.0
2021-04-07T14:59:12.304,43,25,MO,1,missing,missing,missing
2021-04-07T14:59:12.304,44,31,LO,-1,42.0,40.44444444444444,4.0
2021-04-07T14:59:12.304,44,31,MO,1,missing,missing,missing
2021-04-07T14:59:12.304,45,81,LO,-1,42.5,41.23100303951368,5.0
2021-04-07T14:59:12.304,45,81,MO,1,missing,missing,missing
2021-04-07T14:59:12.304,46,88,LO,-1,43.0,41.57142857142857,6.0
2021-04-07T14:59:12.304,46,51,MO,1,missing,missing,missing
2021-04-07T14:59:12.304,46,37,LO,-1,43.0,40.77894736842105,6.0
2021-04-07T14:59:12.719,41,316,LO,1,43.5,41.524079320113316,5.0
2021-04-07T14:59:12.748,46,14,MO,1,missing,missing,missing
2021-04-07T14:59:12.748,46,23,LO,-1,43.5,41.339233038348084,5.0
2021-04-07T14:59:12.748,46,23,MO,1,missing,missing,missing
2021-04-07T14:59:12.748,47,169,LO,-1,44.0,43.090721649484536,6.0
2021-04-07T14:59:12.749,47,6,MO,1,missing,missing,missing
2021-04-07T14:59:12.749,47,163,LO,-1,44.0,43.04175365344468,6.0
2021-04-07T14:59:14.368,41,23,MO,-1,missing,missing,missing
2021-04-07T14:59:14.368,41,293,LO,1,44.0,43.14473684210526,6.0
2021-04-07T14:59:14.484,47,56,OC,-1,44.0,41.96275071633238,6.0
2021-04-07T14:59:15.025,41,29,MO,-1,missing,missing,missing
2021-04-07T14:59:15.025,41,264,LO,1,44.0,42.05,6.0
2021-04-07T14:59:15.118,41,22,MO,-1,missing,missing,missing
2021-04-07T14:59:15.118,41,242,LO,1,44.0,42.12751677852349,6.0
2021-04-07T14:59:16.837,46,21,LO,-1,43.5,41.39923954372624,5.0
2021-04-07T14:59:17.25,42,26,LO,1,44.0,43.787234042553195,4.0
2021-04-07T14:59:17.375,47,56,OC,-1,44.5,45.41463414634146,5.0
2021-04-07T14:59:17.886,46,26,LO,-1,44.0,44.0,4.0
2021-04-07T14:59:23.367,47,169,OC,-1,44.5,46.333333333333336,5.0
2021-04-07T14:59:24.222,46,25,LO,-1,44.0,43.96078431372549,4.0
2021-04-07T14:59:25.228,47,169,OC,-1,44.5,46.333333333333336,5.0
2021-04-07T14:59:28.075,41,279,OC,1,44.0,43.263392857142854,6.0
2021-04-07T14:59:28.761,46,31,LO,-1,43.5,41.5,5.0
2021-04-07T14:59:34.188,45,27,LO,-1,43.0,41.35294117647059,4.0
2021-04-07T14:59:36.806,44,20,LO,-1,42.5,41.20066889632107,3.0
2021-04-07T14:59:37.036,44,20,MO,1,missing,missing,missing
2021-04-07T14:59:37.036,45,27,LO,-1,43.0,41.35294117647059,4.0
2021-04-07T14:59:38.78,41,35,MO,-1,missing,missing,missing
2021-04-07T14:59:38.78,41,244,LO,1,43.0,41.398523985239855,4.0
2021-04-07T14:59:41.549,41,-72,OC,1,43.0,38.6,4.0
2021-04-07T14:59:52.899,44,41,LO,-1,42.5,37.03225806451613,3.0
2021-04-07T14:59:57.035,41,37,MO,-1,missing,missing,missing
2021-04-07T14:59:57.035,41,-109,LO,1,42.5,39.19117647058823,3.0
2021-04-07T15:00:00.945,43,22,LO,-1,42.0,40.49425287356322,2.0
2021-04-07T15:00:01.072,43,22,MO,1,missing,missing,missing
2021-04-07T15:00:01.072,44,41,LO,-1,42.5,39.19117647058823,3.0
2021-04-07T15:00:03.681,43,20,LO,-1,42.0,40.550561797752806,2.0
2021-04-07T15:00:04.394,44,41,OC,-1,42.5,39.19117647058823,3.0
2021-04-07T15:00:05.946,43,37,LO,-1,42.0,39.97222222222222,2.0
2021-04-07T15:00:06.373,42,88,LO,-1,41.5,36.80952380952381,1.0
2021-04-07T15:00:06.574,42,29,MO,1,missing,missing,missing
2021-04-07T15:00:06.574,42,59,LO,-1,41.5,39.82,1.0
2021-04-07T15:00:09.732,43,37,OC,-1,42.0,39.97222222222222,2.0
2021-04-07T15:00:10.379,41,-57,LO,1,42.0,37.3,2.0
2021-04-07T15:00:11.106,42,287,LO,1,42.5,42.114197530864196,1.0
2021-04-07T15:00:12.769,41,52,OC,1,42.0,41.831460674157306,2.0
2021-04-07T15:00:17.722,40,703,OC,1,41.5,40.15,3.0
2021-04-07T15:00:18.275,42,133,LO,-1,41.0,40.31818181818182,2.0
2021-04-07T15:00:22.116,40,576,OC,1,41.0,40.375176304654445,2.0
2021-04-07T15:00:23.238,41,104,LO,-1,40.5,40.15294117647059,1.0
2021-04-07T15:00:24.908,40,64,LO,-1,40.0,40.0,0.0
2021-04-07T15:00:24.912,40,45,EMO,-1,40.0,40.0,0.0
2021-04-07T15:00:24.912,40,531,LO,1,40.0,40.0,0.0
2021-04-07T15:00:24.913,40,19,EMO,-1,40.5,40.16377952755906,1.0
2021-04-07T15:00:24.913,40,512,LO,1,40.5,40.16883116883117,1.0
2021-04-07T15:00:25.338,42,133,OC,-1,41.0,40.412403100775194,2.0
2021-04-07T15:00:27.494,42,32,MO,1,missing,missing,missing
2021-04-07T15:00:27.494,42,101,LO,-1,41.0,40.32952691680261,2.0
2021-04-07T15:00:31.327,41,42,LO,-1,40.5,40.07581227436823,1.0
2021-04-07T15:00:41.016,40,489,OC,1,40.5,40.07909604519774,1.0
2021-04-07T15:00:41.285,42,248,OC,-1,41.0,40.6729986431479,2.0
2021-04-07T15:00:45.084,40,23,MO,-1,missing,missing,missing
2021-04-07T15:00:45.084,40,466,LO,1,41.0,40.69467787114846,2.0
2021-04-07T15:00:51.785,42,115,OC,-1,41.0,40.39586919104991,2.0
2021-04-07T15:00:57.572,43,108,OC,-1,41.5,40.56445993031359,3.0
2021-04-07T15:00:58.218,43,37,MO,1,missing,missing,missing
2021-04-07T15:00:58.218,43,71,LO,-1,41.5,40.39664804469274,3.0
2021-04-07T15:00:58.219,43,18,MO,1,missing,missing,missing
2021-04-07T15:00:58.219,43,53,LO,-1,41.5,40.30635838150289,3.0
2021-04-07T15:00:58.328,43,11,OC,-1,41.5,40.069182389937104,3.0
2021-04-07T15:01:02.324,42,30,LO,-1,41.0,40.12096774193548,2.0
2021-04-07T15:01:06.909,41,22,LO,-1,40.5,40.045081967213115,1.0
2021-04-07T15:01:06.995,41,13986,LO,1,41.0,41.0,0.0
2021-04-07T15:01:07,41,22,EMO,1,41.0,41.0,0.0
2021-04-07T15:01:07,42,30,LO,-1,41.5,41.00214377590396,1.0
2021-04-07T15:01:07.025,41,44,MO,-1,missing,missing,missing
2021-04-07T15:01:07.025,41,13920,LO,1,41.5,41.00215053763441,1.0
2021-04-07T15:01:07.595,40,466,OC,1,41.0,40.12096774193548,2.0
2021-04-07T15:01:10.847,41,46,LO,1,41.5,41.39473684210526,1.0
2021-04-07T15:01:12.409,43,54,OC,-1,42.0,42.08,2.0
2021-04-07T15:01:12.432,43,28,MO,1,missing,missing,missing
2021-04-07T15:01:12.432,43,26,LO,-1,42.0,41.72222222222222,2.0
2021-04-07T15:01:13.522,42,49,LO,1,42.5,42.346666666666664,1.0
2021-04-07T15:01:13.826,42,26,LO,-1,42.0,42.0,0.0
2021-04-07T15:01:13.837,42,26,EMO,-1,42.5,42.346666666666664,1.0
2021-04-07T15:01:13.837,42,23,LO,1,42.5,42.53061224489796,1.0
2021-04-07T15:01:15.355,42,108,LO,-1,42.0,42.0,0.0
2021-04-07T15:01:15.36,42,23,EMO,-1,42.0,42.0,0.0
2021-04-07T15:01:15.36,41,46,LO,1,41.5,41.64885496183206,1.0
2021-04-07T15:01:15.588,42,49,LO,1,42.0,42.0,0.0
2021-04-07T15:01:15.589,42,49,EMO,1,41.5,41.64885496183206,1.0
2021-04-07T15:01:15.589,42,36,LO,-1,41.5,41.4390243902439,1.0
2021-04-07T15:01:15.971,42,23,MO,1,missing,missing,missing
2021-04-07T15:01:15.971,42,13,LO,-1,41.5,41.220338983050844,1.0
2021-04-07T15:01:17.719,41,36,LO,-1,41.0,41.0,0.0
2021-04-07T15:01:17.721,41,36,EMO,-1,41.5,41.220338983050844,1.0
2021-04-07T15:01:17.721,41,10,LO,1,41.5,41.56521739130435,1.0
2021-04-07T15:01:18.972,42,39,LO,1,42.0,42.0,0.0
2021-04-07T15:01:18.974,42,13,EMO,1,42.0,42.0,0.0
2021-04-07T15:01:18.974,43,145,LO,-1,42.5,42.84795321637427,1.0
2021-04-07T15:01:21.806,41,10,OC,1,42.0,42.87096774193548,2.0
2021-04-07T15:01:22.36,42,32,LO,1,42.5,42.81920903954802,1.0
2021-04-07T15:01:23.06,41,10,OC,1,42.0,42.87096774193548,2.0
2021-04-07T15:01:25.889,43,120,OC,-1,42.0,42.84615384615385,2.0
2021-04-07T15:01:28.419,41,10,MO,-1,missing,missing,missing
2021-04-07T15:01:28.419,40,7269,LO,1,41.5,40.04872107186358,3.0
2021-04-07T15:01:28.419,40,50,MO,-1,missing,missing,missing
2021-04-07T15:01:28.419,40,7219,LO,1,41.5,40.04905300449653,3.0
2021-04-07T15:01:30.407,40,7178,OC,1,41.5,40.04932858317347,3.0
2021-04-07T15:01:36.311,43,1,MO,1,missing,missing,missing
2021-04-07T15:01:36.311,43,119,LO,-1,41.5,40.048924215431,3.0
2021-04-07T15:01:36.311,43,22,MO,1,missing,missing,missing
2021-04-07T15:01:36.311,43,97,LO,-1,41.5,40.04,3.0
2021-04-07T15:01:39.7,40,7146,OC,1,41.5,40.04017672235262,3.0
2021-04-07T15:01:40.491,41,188,LO,1,42.0,41.680701754385964,2.0
2021-04-07T15:01:43.435,42,29,LO,-1,41.5,41.133640552995395,1.0
2021-04-07T15:01:44.627,41,21,MO,-1,missing,missing,missing
2021-04-07T15:01:44.627,41,167,LO,1,41.5,41.14795918367347,1.0
2021-04-07T15:01:45.816,43,97,OC,-1,42.0,41.734848484848484,2.0
2021-04-07T15:01:49.345,42,476,LO,-1,41.5,41.740279937791605,1.0
2021-04-07T15:01:49.811,42,32,LO,1,42.0,42.0,0.0
2021-04-07T15:01:49.812,42,32,EMO,1,41.5,41.740279937791605,1.0
2021-04-07T15:01:49.812,42,444,LO,-1,41.5,41.726677577741405,1.0
2021-04-07T15:01:52.156,42,32,LO,1,42.0,42.0,0.0
2021-04-07T15:01:52.17,42,32,EMO,1,41.5,41.726677577741405,1.0
2021-04-07T15:01:52.17,42,412,LO,-1,41.5,41.711571675302245,1.0
2021-04-07T15:01:52.443,42,90,MO,1,missing,missing,missing
2021-04-07T15:01:52.443,42,322,LO,-1,41.5,41.65848670756646,1.0
2021-04-07T15:01:53.648,41,44,LO,-1,41.0,41.0,0.0
2021-04-07T15:01:53.655,41,44,EMO,-1,41.5,41.65848670756646,1.0
2021-04-07T15:01:53.655,41,123,LO,1,41.5,41.72359550561798,1.0
2021-04-07T15:01:54.544,42,67,LO,1,42.0,42.0,0.0
2021-04-07T15:01:54.559,42,67,EMO,1,41.5,41.72359550561798,1.0
2021-04-07T15:01:54.559,42,255,LO,-1,41.5,41.67460317460318,1.0
2021-04-07T15:01:55.831,40,7146,OC,1,41.0,40.06890960680989,2.0
2021-04-07T15:01:58.374,41,47,LO,1,41.5,41.84437086092715,1.0
2021-04-07T15:01:59.057,43,337,OC,-1,42.0,42.755208333333336,2.0
2021-04-07T15:01:59.494,43,2,MO,1,missing,missing,missing
2021-04-07T15:01:59.494,43,335,LO,-1,42.0,42.753926701570684,2.0
2021-04-07T15:01:59.495,43,64,MO,1,missing,missing,missing
2021-04-07T15:01:59.495,43,271,LO,-1,42.0,42.704402515723274,2.0
2021-04-07T15:01:59.495,43,31,MO,1,missing,missing,missing
2021-04-07T15:01:59.495,43,240,LO,-1,42.0,42.67247386759582,2.0
2021-04-07T15:01:59.496,43,26,MO,1,missing,missing,missing
2021-04-07T15:01:59.496,43,214,LO,-1,42.0,42.63984674329502,2.0
2021-04-07T15:01:59.496,43,50,MO,1,missing,missing,missing
2021-04-07T15:01:59.496,43,164,LO,-1,42.0,42.55450236966825,2.0
2021-04-07T15:02:00.609,42,30,LO,1,42.5,42.845360824742265,1.0
2021-04-07T15:02:01.685,42,23,LO,-1,42.0,42.0,0.0
2021-04-07T15:02:01.696,42,23,EMO,-1,42.5,42.845360824742265,1.0
2021-04-07T15:02:01.696,42,7,LO,1,42.5,42.95906432748538,1.0
2021-04-07T15:02:02.057,43,134,OC,-1,42.5,42.95035460992908,1.0
2021-04-07T15:02:02.306,41,47,OC,1,42.0,42.48066298342541,2.0
2021-04-07T15:02:03.685,40,7172,OC,1,41.5,40.0550232685464,3.0
2021-04-07T15:02:05.655,41,54,LO,1,42.0,42.42553191489362,2.0
2021-04-07T15:02:05.782,43,81,OC,-1,42.0,42.2,2.0
2021-04-07T15:02:15.781,41,54,MO,-1,missing,missing,missing
2021-04-07T15:02:15.781,40,7172,LO,1,41.5,40.03350337791259,3.0
2021-04-07T15:02:15.784,40,10,MO,-1,missing,missing,missing
2021-04-07T15:02:15.784,40,7162,LO,1,41.5,40.03354963412951,3.0
2021-04-07T15:02:26.255,42,34,LO,-1,41.0,40.0094496942746,2.0
2021-04-07T15:02:33.349,42,22,MO,1,missing,missing,missing
2021-04-07T15:02:33.349,42,12,LO,-1,41.0,40.003345413994985,2.0
2021-04-07T15:02:33.668,41,41,LO,1,41.5,41.22641509433962,1.0
2021-04-07T15:02:38.017,41,41,LO,-1,41.0,41.0,0.0
2021-04-07T15:02:38.027,41,41,EMO,-1,41.5,41.22641509433962,1.0
2021-04-07T15:02:38.027,40,7162,LO,1,41.0,40.003345413994985,2.0
2021-04-07T15:02:42.956,42,12,MO,1,missing,missing,missing
2021-04-07T15:02:42.956,43,81,LO,-1,41.5,40.03354963412951,3.0
2021-04-07T15:02:42.957,43,9,MO,1,missing,missing,missing
2021-04-07T15:02:42.957,43,72,LO,-1,41.5,40.029858999170585,3.0
2021-04-07T15:02:43.06,43,-7,OC,-1,41.5,39.99706498951782,3.0
2021-04-07T15:02:51.5,43,52,MO,1,missing,missing,missing
2021-04-07T15:02:51.5,43,-59,LO,-1,41.5,39.975080951710545,3.0
2021-04-07T15:02:51.5,44,12,MO,1,missing,missing,missing
2021-04-07T15:02:51.5,43,-71,LO,-1,41.5,39.96996192356508,3.0
2021-04-07T15:02:54.281,41,64,LO,1,42.0,61.285714285714285,2.0
2021-04-07T15:02:57.529,40,7126,OC,1,41.5,39.9698086463501,3.0
2021-04-07T15:03:03.426,40,33,MO,-1,missing,missing,missing
2021-04-07T15:03:03.426,40,7093,LO,1,41.5,39.96966676160638,3.0
2021-04-07T15:03:03.769,40,331,OC,1,41.5,39.18076923076923,3.0
2021-04-07T15:03:04.607,41,20,LO,1,42.0,43.78431372549019,2.0
2021-04-07T15:03:07.987,40,331,OC,1,41.5,39.18076923076923,3.0
2021-04-07T15:03:08.1,45,26,LO,-1,42.5,40.364145658263304,5.0
2021-04-07T15:03:11.931,missing,missing,OC,-1,missing,missing,missing
2021-04-07T15:03:15.223,40,305,OC,1,missing,missing,missing
2021-04-07T15:03:16.971,40,20,MO,-1,missing,missing,missing
2021-04-07T15:03:16.971,40,285,LO,1,missing,missing,missing
2021-04-07T15:03:18.859,45,46,LO,-1,42.5,40.69486404833837,5.0
2021-04-07T15:03:19.359,40,242,OC,1,42.5,40.798611111111114,5.0
2021-04-07T15:03:20,45,22,MO,1,missing,missing,missing
2021-04-07T15:03:20,45,24,LO,-1,42.5,40.45112781954887,5.0
2021-04-07T15:03:20.938,40,79,MO,-1,missing,missing,missing
2021-04-07T15:03:20.938,40,163,LO,1,42.5,40.64171122994652,5.0
2021-04-07T15:03:24.627,45,23,MO,1,missing,missing,missing
2021-04-07T15:03:24.627,45,1,LO,-1,42.5,40.03048780487805,5.0
2021-04-07T15:03:25.265,44,21,LO,-1,42.0,40.45652173913044,4.0
2021-04-07T15:03:26.395,41,57,LO,1,42.5,41.80769230769231,3.0
2021-04-07T15:03:26.53,42,24,LO,1,43.0,42.93333333333333,2.0
2021-04-07T15:03:28.22,45,22,OC,-1,43.5,43.43478260869565,3.0
2021-04-07T15:03:29.707,44,53,LO,-1,43.0,43.37662337662338,2.0
2021-04-07T15:03:30.08,43,68,LO,1,43.5,43.43801652892562,1.0
2021-04-07T15:03:30.368,43,48,LO,-1,43.0,43.0,0.0
2021-04-07T15:03:30.37,43,48,EMO,-1,43.5,43.43801652892562,1.0
2021-04-07T15:03:30.37,43,20,LO,1,43.5,43.726027397260275,1.0
2021-04-07T15:03:31.592,44,53,MO,1,missing,missing,missing
2021-04-07T15:03:31.592,45,22,LO,-1,44.0,44.04761904761905,2.0
2021-04-07T15:03:31.592,45,1,MO,1,missing,missing,missing
2021-04-07T15:03:31.592,45,21,LO,-1,44.0,44.02439024390244,2.0
2021-04-07T15:03:31.593,45,13,MO,1,missing,missing,missing
2021-04-07T15:03:31.593,45,8,LO,-1,44.0,43.57142857142857,2.0
2021-04-07T15:03:31.794,42,57,OC,1,43.5,42.36923076923077,3.0
2021-04-07T15:03:32.429,46,301,OC,-1,44.0,45.36312849162011,4.0
2021-04-07T15:03:32.559,46,279,OC,-1,44.0,45.32142857142857,4.0
2021-04-07T15:03:36.141,42,33,OC,1,44.0,45.57692307692308,4.0
2021-04-07T15:03:37.38,47,840,OC,-1,44.5,46.81099656357388,5.0
2021-04-07T15:03:37.965,46,61,LO,-1,44.0,44.59574468085106,4.0
2021-04-07T15:03:38.82,43,30,LO,1,44.5,45.010989010989015,3.0
2021-04-07T15:03:38.938,42,33,OC,1,44.0,44.59574468085106,4.0
2021-04-07T15:03:41.578,41,327,OC,1,43.5,41.7860824742268,5.0
2021-04-07T15:03:52.744,41,36,MO,-1,missing,missing,missing
2021-04-07T15:03:52.744,41,291,LO,1,43.5,41.86647727272727,5.0
2021-04-07T15:03:58.92,47,1276,OC,-1,44.0,45.88576898532227,6.0
2021-04-07T15:04:01.289,46,63,LO,-1,43.5,41.889830508474574,5.0
2021-04-07T15:04:03.89,41,21,MO,-1,missing,missing,missing
2021-04-07T15:04:03.89,41,270,LO,1,43.5,41.945945945945944,5.0
2021-04-07T15:04:03.89,41,31,MO,-1,missing,missing,missing
2021-04-07T15:04:03.89,41,239,LO,1,43.5,42.04304635761589,5.0
2021-04-07T15:04:05.463,42,20,LO,1,44.0,45.036144578313255,4.0
2021-04-07T15:04:05.472,45,38,LO,-1,43.5,43.96551724137931,3.0
2021-04-07T15:04:05.605,43,27,LO,1,44.0,44.16923076923077,2.0
2021-04-07T15:04:06.145,42,20,OC,1,43.5,43.96551724137931,3.0
2021-04-07T15:04:06.941,45,38,MO,1,missing,missing,missing
2021-04-07T15:04:06.941,46,96,LO,-1,44.0,45.310344827586206,4.0
2021-04-07T15:04:06.942,46,35,MO,1,missing,missing,missing
2021-04-07T15:04:06.942,46,61,LO,-1,44.0,45.01234567901235,4.0
2021-04-07T15:04:07.888,42,20,MO,-1,missing,missing,missing
2021-04-07T15:04:07.888,41,239,LO,1,43.5,42.016666666666666,5.0
2021-04-07T15:04:07.889,41,9,MO,-1,missing,missing,missing
2021-04-07T15:04:07.889,41,230,LO,1,43.5,42.04810996563574,5.0
2021-04-07T15:04:08.495,46,-2,OC,-1,43.5,40.95614035087719,5.0
2021-04-07T15:04:08.524,42,26,LO,1,44.0,41.666666666666664,4.0
2021-04-07T15:04:09.672,43,164,LO,1,44.5,42.96296296296296,3.0
2021-04-07T15:04:12.047,45,97,LO,-1,44.0,43.74329501915709,2.0
2021-04-07T15:04:12.505,42,26,OC,1,43.5,44.36585365853659,3.0
2021-04-07T15:04:13.943,44,22,LO,-1,43.0,42.916666666666664,2.0
2021-04-07T15:04:15.063,44,22,MO,1,missing,missing,missing
2021-04-07T15:04:15.063,45,97,LO,-1,43.5,44.36585365853659,3.0
2021-04-07T15:04:15.063,45,6,MO,1,missing,missing,missing
2021-04-07T15:04:15.063,45,91,LO,-1,43.5,44.333333333333336,3.0
2021-04-07T15:04:15.432,43,93,LO,1,44.0,43.98913043478261,2.0
2021-04-07T15:04:15.567,46,33,OC,-1,44.5,43.785714285714285,3.0
2021-04-07T15:04:16.795,47,1344,OC,-1,45.0,46.741127348643005,4.0
2021-04-07T15:04:16.974,43,26,MO,-1,missing,missing,missing
2021-04-07T15:04:16.974,43,67,LO,1,45.0,46.81006378454997,4.0
2021-04-07T15:04:17.793,47,21,MO,1,missing,missing,missing
2021-04-07T15:04:17.793,47,1323,LO,-1,45.0,46.80719424460432,4.0
2021-04-07T15:04:18.45,44,82,LO,1,45.5,46.82491103202847,3.0
2021-04-07T15:04:19.027,47,1299,OC,-1,45.5,46.821868211440986,3.0
2021-04-07T15:04:23.232,44,21,MO,-1,missing,missing,missing
2021-04-07T15:04:23.232,44,61,LO,1,45.5,46.86544117647059,3.0
2021-04-07T15:04:25.896,44,30,MO,-1,missing,missing,missing
2021-04-07T15:04:25.896,44,31,LO,1,45.5,46.930075187969926,3.0
2021-04-07T15:04:26.622,45,26,LO,1,46.0,46.960754716981135,2.0
2021-04-07T15:04:27.484,44,31,OC,1,45.5,46.930075187969926,3.0
2021-04-07T15:04:33.052,46,59,LO,-1,45.0,45.31111111111111,2.0
2021-04-07T15:04:36.249,45,22,LO,1,45.5,45.72839506172839,1.0
2021-04-07T15:04:39.212,45,34,LO,-1,45.0,45.0,0.0
2021-04-07T15:04:39.216,45,22,EMO,-1,45.0,45.0,0.0
2021-04-07T15:04:39.216,44,52,LO,1,44.5,44.1875,1.0
2021-04-07T15:04:40.26,44,30,LO,-1,44.0,44.0,0.0
2021-04-07T15:04:40.268,44,30,EMO,-1,44.5,44.1875,1.0
2021-04-07T15:04:40.268,44,22,LO,1,44.5,44.35294117647059,1.0
2021-04-07T15:04:45.73,46,59,OC,-1,45.0,45.45679012345679,2.0
2021-04-07T15:04:47.201,44,-60,OC,1,45.0,-74.0,2.0
2021-04-07T15:04:47.708,45,114,LO,1,45.5,45.34104046242775,1.0
2021-04-07T15:04:50.951,45,20,LO,-1,45.0,45.0,0.0
2021-04-07T15:04:50.953,45,20,EMO,-1,45.5,45.34104046242775,1.0
2021-04-07T15:04:50.953,45,94,LO,1,45.5,45.38562091503268,1.0
2021-04-07T15:04:54.796,46,26,LO,1,46.0,46.0,0.0
2021-04-07T15:04:54.809,46,26,EMO,1,45.5,45.38562091503268,1.0
2021-04-07T15:04:54.809,46,33,LO,-1,45.5,45.25984251968504,1.0
2021-04-07T15:04:57.707,45,516,LO,-1,45.0,45.0,0.0
2021-04-07T15:04:57.709,45,94,EMO,-1,45.0,45.0,0.0
2021-04-07T15:04:57.709,44,21,LO,1,44.5,44.95259593679458,1.0
2021-04-07T15:04:59.421,45,25,LO,1,45.0,45.0,0.0
2021-04-07T15:04:59.428,45,25,EMO,1,44.5,44.95259593679458,1.0
2021-04-07T15:04:59.428,45,397,LO,-1,44.5,44.94976076555024,1.0
2021-04-07T15:05:00.521,45,28,LO,1,45.0,45.0,0.0
2021-04-07T15:05:00.53,45,28,EMO,1,44.5,44.94976076555024,1.0
2021-04-07T15:05:00.53,45,369,LO,-1,44.5,44.94615384615385,1.0
2021-04-07T15:05:02.119,43,97,OC,1,44.0,44.58369098712446,2.0
2021-04-07T15:05:02.301,44,118,LO,-1,43.5,43.54883720930233,1.0
2021-04-07T15:05:03.9,45,369,OC,-1,44.0,44.58369098712446,2.0
2021-04-07T15:05:04.405,43,4,OC,1,44.0,44.97855227882037,2.0
2021-04-07T15:05:06.821,44,33,LO,1,44.5,44.917910447761194,1.0
2021-04-07T15:05:08.303,45,57,LO,1,45.0,45.0,0.0
2021-04-07T15:05:08.315,45,57,EMO,1,44.5,44.917910447761194,1.0
2021-04-07T15:05:08.315,45,312,LO,-1,44.5,44.904347826086955,1.0
2021-04-07T15:05:10.883,47,922,OC,-1,45.5,46.89633507853403,3.0
2021-04-07T15:05:11.027,43,30,OC,1,45.0,46.87394957983193,4.0
2021-04-07T15:05:12.275,47,819,OC,-1,45.0,46.85865724381625,4.0
2021-04-07T15:05:15.196,43,30,MO,-1,missing,missing,missing
2021-04-07T15:05:15.196,42,593,LO,1,44.5,44.90014164305949,5.0
2021-04-07T15:05:15.197,42,26,MO,-1,missing,missing,missing
2021-04-07T15:05:15.197,42,567,LO,1,44.5,44.95454545454545,5.0
2021-04-07T15:05:15.197,42,47,MO,-1,missing,missing,missing
2021-04-07T15:05:15.197,42,520,LO,1,44.5,45.05825242718446,5.0
2021-04-07T15:05:16.334,46,26,LO,-1,44.0,42.19047619047619,4.0
2021-04-07T15:05:16.593,45,62,LO,-1,43.5,42.31958762886598,3.0
2021-04-07T15:05:17.324,43,158,LO,1,44.0,43.56363636363636,2.0
2021-04-07T15:05:18.313,44,52,LO,1,44.5,44.54385964912281,1.0
2021-04-07T15:05:18.662,45,66,LO,1,45.0,45.0,0.0
2021-04-07T15:05:18.665,45,62,EMO,1,45.0,45.0,0.0
2021-04-07T15:05:18.665,46,26,LO,-1,45.5,45.86666666666667,1.0
2021-04-07T15:05:18.725,45,24,LO,-1,45.0,45.0,0.0
2021-04-07T15:05:18.729,45,4,EMO,-1,45.0,45.0,0.0
2021-04-07T15:05:18.729,44,52,LO,1,44.5,44.27777777777778,1.0
2021-04-07T15:05:19.038,45,20,MO,1,missing,missing,missing
2021-04-07T15:05:19.038,46,26,LO,-1,45.0,44.666666666666664,2.0
2021-04-07T15:05:19.038,46,15,MO,1,missing,missing,missing
2021-04-07T15:05:19.038,46,11,LO,-1,45.0,44.34920634920635,2.0
2021-04-07T15:05:19.189,47,819,OC,-1,45.5,46.82089552238806,3.0
2021-04-07T15:05:19.608,45,29,LO,1,46.0,46.931603773584904,2.0
2021-04-07T15:05:21.566,46,31,LO,-1,45.5,45.516666666666666,1.0
2021-04-07T15:05:21.653,46,56,LO,1,46.0,46.0,0.0
2021-04-07T15:05:21.665,46,31,EMO,1,46.0,46.0,0.0
2021-04-07T15:05:21.665,47,819,LO,-1,46.5,46.970379146919434,1.0
2021-04-07T15:05:22.055,46,23,LO,-1,46.0,46.0,0.0
2021-04-07T15:05:22.056,46,23,EMO,-1,46.5,46.970379146919434,1.0
2021-04-07T15:05:22.056,46,2,LO,1,46.5,46.99756394640682,1.0
2021-04-07T15:05:22.557,45,49,OC,1,46.0,46.88709677419355,2.0
2021-04-07T15:05:23.402,47,3,OC,-1,46.0,45.11538461538461,2.0
2021-04-07T15:05:24.255,46,22,LO,-1,45.5,45.309859154929576,1.0
2021-04-07T15:05:25.006,45,113,LO,-1,45.0,45.0,0.0
2021-04-07T15:05:25.008,45,29,EMO,-1,45.0,45.0,0.0
2021-04-07T15:05:25.008,45,20,LO,1,45.0,45.0,0.0
2021-04-07T15:05:25.008,45,20,EMO,-1,45.0,45.0,0.0
2021-04-07T15:05:25.008,44,97,LO,1,44.5,44.39751552795031,1.0
2021-04-07T15:05:25.573,44,45,OC,1,44.5,44.58715596330275,1.0
2021-04-07T15:05:26.456,46,49,OC,-1,45.0,45.04255319148936,2.0
2021-04-07T15:05:28.586,46,27,OC,-1,45.0,44.75,2.0
2021-04-07T15:05:29.508,44,22,MO,-1,missing,missing,missing
2021-04-07T15:05:29.508,44,23,LO,1,45.0,45.08,2.0
2021-04-07T15:05:29.508,44,5,MO,-1,missing,missing,missing
2021-04-07T15:05:29.508,44,18,LO,1,45.0,45.2,2.0
2021-04-07T15:05:29.527,45,36,LO,1,45.5,45.42857142857143,1.0
2021-04-07T15:05:30.495,46,21,LO,1,46.0,46.0,0.0
2021-04-07T15:05:30.501,46,21,EMO,1,45.5,45.42857142857143,1.0
2021-04-07T15:05:30.501,46,6,LO,-1,45.5,45.142857142857146,1.0
2021-04-07T15:05:30.803,45,26,LO,-1,45.0,45.0,0.0
2021-04-07T15:05:30.809,45,26,EMO,-1,45.5,45.142857142857146,1.0
2021-04-07T15:05:30.809,45,10,LO,1,45.5,45.375,1.0
2021-04-07T15:05:31.592,47,3,OC,-1,46.0,45.46153846153846,2.0
2021-04-07T15:05:33.13,46,76,LO,1,46.5,46.037974683544306,1.0
2021-04-07T15:05:33.765,46,249,LO,-1,46.0,46.0,0.0
2021-04-07T15:05:33.773,46,76,EMO,-1,46.0,46.0,0.0
2021-04-07T15:05:33.773,45,10,LO,1,45.5,45.94535519125683,1.0
2021-04-07T15:05:34.649,44,18,OC,1,45.0,45.81151832460733,2.0
2021-04-07T15:05:36.965,43,88,OC,1,44.5,44.98850574712644,3.0
2021-04-07T15:05:37.068,46,149,MO,1,missing,missing,missing
2021-04-07T15:05:37.068,46,24,LO,-1,44.5,43.642857142857146,3.0
2021-04-07T15:05:40.494,47,100,OC,-1,45.0,45.12765957446808,4.0
2021-04-07T15:05:40.609,47,68,OC,-1,45.0,44.743589743589745,4.0
2021-04-07T15:05:40.783,47,3,MO,1,missing,missing,missing
2021-04-07T15:05:40.783,47,65,LO,-1,45.0,44.69934640522876,4.0
2021-04-07T15:05:40.783,47,25,MO,1,missing,missing,missing
2021-04-07T15:05:40.783,47,40,LO,-1,45.0,44.25,4.0
2021-04-07T15:05:41.601,44,68,LO,1,45.5,45.111111111111114,3.0
2021-04-07T15:05:44.307,45,27,LO,1,46.0,46.19402985074627,2.0
2021-04-07T15:05:46.093,48,326,OC,-1,46.5,47.77053824362606,3.0
2021-04-07T15:05:46.837,46,30,LO,1,47.0,47.831460674157306,2.0
2021-04-07T15:05:47.349,47,31,LO,1,47.5,47.91316526610644,1.0
2021-04-07T15:05:51.945,48,48,LO,1,48.0,48.0,0.0
2021-04-07T15:05:51.946,48,43,EMO,1,48.0,48.0,0.0
2021-04-07T15:05:51.946,48,283,LO,-1,48.0,48.0,0.0
2021-04-07T15:05:51.946,48,5,EMO,1,47.5,47.90127388535032,1.0
2021-04-07T15:05:51.946,48,278,LO,-1,47.5,47.89967637540453,1.0
2021-04-07T15:05:56.237,47,30,LO,-1,47.0,47.0,0.0
2021-04-07T15:05:56.238,47,30,EMO,-1,47.5,47.89967637540453,1.0
2021-04-07T15:05:56.238,47,1,LO,1,47.5,47.99641577060932,1.0
2021-04-07T15:06:01.676,48,44,LO,1,48.0,48.0,0.0
2021-04-07T15:06:01.682,48,44,EMO,1,47.5,47.99641577060932,1.0
2021-04-07T15:06:01.682,48,234,LO,-1,47.5,47.99574468085106,1.0
2021-04-07T15:06:03.583,47,91,LO,-1,47.0,47.0,0.0
2021-04-07T15:06:03.589,47,1,EMO,-1,47.0,47.0,0.0
2021-04-07T15:06:03.589,46,368,LO,1,46.5,46.19650655021834,1.0
2021-04-07T15:06:04.661,47,32,LO,1,47.0,47.0,0.0
2021-04-07T15:06:04.663,47,32,EMO,1,46.5,46.19650655021834,1.0
2021-04-07T15:06:04.663,47,58,LO,-1,46.5,46.136150234741784,1.0
2021-04-07T15:06:11.38,missing,missing,OC,-1,missing,missing,missing
2021-04-07T15:06:13.322,51,34,LO,-1,48.5,46.4228855721393,5.0
2021-04-07T15:06:16.101,46,30,MO,-1,missing,missing,missing
2021-04-07T15:06:16.101,46,338,LO,1,48.5,46.456989247311824,5.0
2021-04-07T15:06:16.102,46,5,MO,-1,missing,missing,missing
2021-04-07T15:06:16.102,46,333,LO,1,48.5,46.463215258855584,5.0
2021-04-07T15:06:17.204,52,37,OC,-1,49.0,46.6,6.0
2021-04-07T15:06:23.76,46,21,MO,-1,missing,missing,missing
2021-04-07T15:06:23.76,46,312,LO,1,49.0,46.636103151862464,6.0
2021-04-07T15:06:24.911,46,56,MO,-1,missing,missing,missing
2021-04-07T15:06:24.911,46,256,LO,1,49.0,46.75767918088737,6.0
2021-04-07T15:06:25.234,47,4597,LO,1,49.5,47.03992231333621,5.0
2021-04-07T15:06:32.11,53,55,OC,-1,50.0,47.070937231298366,6.0
2021-04-07T15:06:32.235,53,28,MO,1,missing,missing,missing
2021-04-07T15:06:32.235,53,27,LO,-1,50.0,47.035034602076124,6.0
2021-04-07T15:06:34.487,48,51,LO,1,50.5,49.73076923076923,5.0
2021-04-07T15:06:35.508,52,10962,LO,-1,50.0,51.981476436938166,4.0
2021-04-07T15:06:36.956,48,29,MO,-1,missing,missing,missing
2021-04-07T15:06:36.956,48,22,LO,1,50.0,51.99198834668609,4.0
2021-04-07T15:06:38.383,48,22,MO,-1,missing,missing,missing
2021-04-07T15:06:38.383,47,4597,LO,1,49.5,50.52271996914969,5.0
2021-04-07T15:06:38.383,47,10,MO,-1,missing,missing,missing
2021-04-07T15:06:38.383,47,4587,LO,1,49.5,50.52498552961605,5.0
2021-04-07T15:06:38.499,48,93,LO,1,50.0,51.966350067842605,4.0
2021-04-07T15:06:40.67,52,40,MO,1,missing,missing,missing
2021-04-07T15:06:40.67,52,10922,LO,-1,50.0,51.96622787108488,4.0
2021-04-07T15:06:42.053,51,25,LO,-1,49.5,48.63559322033898,3.0
2021-04-07T15:06:43.003,49,42,LO,1,50.0,49.74626865671642,2.0
2021-04-07T15:06:44.219,52,10943,OC,-1,50.5,51.98852981338189,3.0
2021-04-07T15:06:47.067,52,20,MO,1,missing,missing,missing
2021-04-07T15:06:47.067,52,10923,LO,-1,50.5,51.988508891928866,3.0
2021-04-07T15:06:51.959,48,93,OC,1,50.0,51.96623093681917,4.0
2021-04-07T15:07:00.627,49,96,LO,1,50.5,51.97386332698067,3.0
2021-04-07T15:07:16.514,51,23,LO,-1,50.0,49.38655462184874,2.0
2021-04-07T15:07:17.396,50,29,LO,1,50.5,50.44230769230769,1.0
2021-04-07T15:07:21.936,51,47,LO,1,51.0,51.0,0.0
2021-04-07T15:07:21.944,51,23,EMO,1,51.0,51.0,0.0
2021-04-07T15:07:21.944,52,10953,LO,-1,51.5,51.99781361027603,1.0
2021-04-07T15:07:24.369,51,30,LO,-1,51.0,51.0,0.0
2021-04-07T15:07:24.378,51,24,EMO,-1,51.0,51.0,0.0
2021-04-07T15:07:24.378,50,29,LO,1,50.5,50.17142857142857,1.0
2021-04-07T15:07:26.613,50,23,MO,-1,missing,missing,missing
2021-04-07T15:07:26.613,50,6,LO,1,50.5,50.5,1.0
2021-04-07T15:07:26.988,51,796,LO,1,51.0,51.0,0.0
2021-04-07T15:07:26.99,51,6,EMO,1,51.0,51.0,0.0
2021-04-07T15:07:26.99,52,10953,LO,-1,51.5,51.93272587924721,1.0
2021-04-07T15:07:28.631,52,10923,OC,-1,51.5,51.93255357295313,1.0
2021-04-07T15:07:29.419,52,48,LO,1,52.0,52.0,0.0
2021-04-07T15:07:29.426,52,48,EMO,1,51.5,51.93255357295313,1.0
2021-04-07T15:07:29.426,52,10875,LO,-1,51.5,51.93227603943421,1.0
2021-04-07T15:07:30.358,51,58,LO,-1,51.0,51.0,0.0
2021-04-07T15:07:30.359,51,58,EMO,-1,51.5,51.93227603943421,1.0
2021-04-07T15:07:30.359,51,732,LO,1,51.5,51.93693460842595,1.0
2021-04-07T15:07:30.773,52,82,LO,1,52.0,52.0,0.0
2021-04-07T15:07:30.776,52,82,EMO,1,51.5,51.93693460842595,1.0
2021-04-07T15:07:30.776,52,10793,LO,-1,51.5,51.93648590021692,1.0
2021-04-07T15:07:33.355,52,29,MO,1,missing,missing,missing
2021-04-07T15:07:33.355,52,10764,LO,-1,51.5,51.93632567849687,1.0
2021-04-07T15:07:37.936,50,6,OC,1,51.0,51.998885793871864,2.0
