"SecurityId","OrderId","ClientOrderId","DateTime","Price","Volume","Side"
"1","1","7","2021-04-07 14:51:08.817","51","60","Sell"
"1","2","8","2021-04-07 14:51:18.098","46","24","Buy"
"1","3","9","2021-04-07 14:51:19.638","0","21","Sell"
"1","4","-8","2021-04-07 14:51:22.332","46","0","Buy"
"1","5","11","2021-04-07 14:51:22.531","50","49","Sell"
"1","6","12","2021-04-07 14:51:29.032","49","58","Sell"
"1","7","-11","2021-04-07 14:51:29.437","50","0","Sell"
"1","8","14","2021-04-07 14:51:32.040","44","40","Buy"
"1","9","15","2021-04-07 14:51:37.750","45","30","Buy"
"1","10","-12","2021-04-07 14:51:38.932","49","0","Sell"
"1","11","17","2021-04-07 14:51:41.058","52","36","Sell"
"1","12","18","2021-04-07 14:51:41.587","46","26","Buy"
"1","13","19","2021-04-07 14:51:41.635","50","235","Sell"
"1","14","20","2021-04-07 14:51:41.923","0","22","Sell"
"1","15","21","2021-04-07 14:51:43.524","49","70","Sell"
"1","16","22","2021-04-07 14:51:43.833","50","28","Sell"
"1","17","23","2021-04-07 14:51:44.261","45","69","Buy"
"1","18","24","2021-04-07 14:51:44.548","47","26","Buy"
"1","19","25","2021-04-07 14:51:48.145","48","24","Sell"
"1","20","26","2021-04-07 14:51:48.920","48","29","Buy"
"1","21","27","2021-04-07 14:51:50.002","47","32","Buy"
"1","22","28","2021-04-07 14:51:51.602","49","33","Buy"
"1","23","29","2021-04-07 14:51:51.770","47","40","Buy"
"1","24","-29","2021-04-07 14:51:56.413","47","0","Buy"
"1","25","-26","2021-04-07 14:52:04.426","48","0","Buy"
"1","26","-19","2021-04-07 14:52:12.909","50","0","Sell"
"1","27","33","2021-04-07 14:52:15.787","0","40","Sell"
"1","28","-14","2021-04-07 14:52:17.394","44","0","Buy"
"1","29","-22","2021-04-07 14:52:17.536","50","0","Sell"
"1","30","-7","2021-04-07 14:52:19.709","51","0","Sell"
"1","31","-21","2021-04-07 14:52:20.777","49","0","Sell"
"1","32","40","2021-04-07 14:52:25.942","0","129","Sell"
"1","33","41","2021-04-07 14:52:26.824","47","79","Buy"
"1","34","42","2021-04-07 14:52:26.951","46","25","Buy"
"1","35","44","2021-04-07 14:52:29.054","53","62","Sell"
"1","36","-41","2021-04-07 14:52:30.476","47","0","Buy"
"1","37","46","2021-04-07 14:52:30.633","53","25","Sell"
"1","38","47","2021-04-07 14:52:31.911","47","62","Buy"
"1","39","48","2021-04-07 14:52:33.951","51","65","Sell"
"1","40","49","2021-04-07 14:52:35.030","50","192","Sell"
"1","41","-49","2021-04-07 14:52:35.611","50","0","Sell"
"1","42","51","2021-04-07 14:52:37.207","46","30","Buy"
"1","43","-46","2021-04-07 14:52:39.311","53","0","Sell"
"1","44","-47","2021-04-07 14:52:39.725","47","0","Buy"
"1","45","54","2021-04-07 14:52:40.016","45","22","Buy"
"1","46","-42","2021-04-07 14:52:40.464","46","0","Buy"
"1","47","56","2021-04-07 14:52:43.490","52","50","Sell"
"1","48","57","2021-04-07 14:52:43.960","52","36","Sell"
"1","49","58","2021-04-07 14:52:46.568","45","95","Buy"
"1","50","59","2021-04-07 14:52:47.825","0","49","Buy"
"1","51","60","2021-04-07 14:52:47.985","50","87","Sell"
"1","52","61","2021-04-07 14:52:48.375","0","61","Buy"
"1","53","62","2021-04-07 14:52:48.459","47","53","Buy"
"1","54","-48","2021-04-07 14:52:49.181","51","0","Sell"
"1","55","-51","2021-04-07 14:52:50.255","46","0","Buy"
"1","56","-58","2021-04-07 14:52:50.370","45","0","Buy"
"1","57","-44","2021-04-07 14:52:50.492","53","0","Sell"
"1","58","67","2021-04-07 14:52:52.507","48","167","Buy"
"1","59","68","2021-04-07 14:52:52.616","49","76","Buy"
"1","60","69","2021-04-07 14:52:53.219","49","30","Sell"
"1","61","70","2021-04-07 14:52:53.345","50","24","Buy"
"1","62","-54","2021-04-07 14:52:53.468","45","0","Buy"
"1","63","72","2021-04-07 14:52:53.797","0","32","Sell"
"1","64","73","2021-04-07 14:52:53.899","0","31","Buy"
"1","65","75","2021-04-07 14:52:54.972","48","75","Buy"
"1","66","77","2021-04-07 14:52:55.589","48","60","Buy"
"1","67","78","2021-04-07 14:52:56.194","51","24","Sell"
"1","68","-62","2021-04-07 14:52:56.321","47","0","Buy"
"1","69","80","2021-04-07 14:52:57.308","0","21","Buy"
"1","70","-78","2021-04-07 14:52:57.423","51","0","Sell"
"1","71","82","2021-04-07 14:52:57.965","53","270","Sell"
"1","72","83","2021-04-07 14:52:58.122","0","225","Sell"
"1","73","-77","2021-04-07 14:52:58.538","48","0","Buy"
"1","74","85","2021-04-07 14:52:58.893","53","97","Sell"
"1","75","86","2021-04-07 14:52:59.083","49","224","Buy"
"1","76","-56","2021-04-07 14:52:59.277","52","0","Sell"
"1","77","88","2021-04-07 14:53:00.099","51","60","Sell"
"1","78","89","2021-04-07 14:53:00.405","50","97","Sell"
"1","79","90","2021-04-07 14:53:00.620","49","30","Sell"
"1","80","91","2021-04-07 14:53:00.880","49","59","Sell"
"1","81","92","2021-04-07 14:53:00.957","51","62","Sell"
"1","82","-89","2021-04-07 14:53:02.688","50","0","Sell"
"1","83","94","2021-04-07 14:53:02.710","52","109","Sell"
"1","84","95","2021-04-07 14:53:02.721","50","467","Sell"
"1","85","-92","2021-04-07 14:53:03.512","51","0","Sell"
"1","86","-95","2021-04-07 14:53:04.208","50","0","Sell"
"1","87","98","2021-04-07 14:53:04.359","50","92","Sell"
"1","88","-57","2021-04-07 14:53:04.520","52","0","Sell"
"1","89","-86","2021-04-07 14:53:04.806","49","0","Buy"
"1","90","102","2021-04-07 14:53:05.912","47","24","Buy"
"1","91","-75","2021-04-07 14:53:06.142","48","0","Buy"
"1","92","-98","2021-04-07 14:53:06.340","50","0","Sell"
"1","93","-82","2021-04-07 14:53:07.055","53","0","Sell"
"1","94","106","2021-04-07 14:53:07.227","52","49","Sell"
"1","95","-94","2021-04-07 14:53:08.435","52","0","Sell"
"1","96","108","2021-04-07 14:53:08.504","50","47","Sell"
"1","97","109","2021-04-07 14:53:08.584","51","23","Sell"
"1","98","110","2021-04-07 14:53:10.275","0","79","Sell"
"1","99","111","2021-04-07 14:53:10.621","51","33","Sell"
"1","100","112","2021-04-07 14:53:13.366","45","618","Buy"
"1","101","-106","2021-04-07 14:53:13.588","52","0","Sell"
"1","102","-112","2021-04-07 14:53:14.794","45","0","Buy"
"1","103","115","2021-04-07 14:53:15.206","45","24","Buy"
"1","104","116","2021-04-07 14:53:15.283","44","35","Buy"
"1","105","-116","2021-04-07 14:53:18.895","44","0","Buy"
"1","106","118","2021-04-07 14:53:20.565","46","51","Buy"
"1","107","119","2021-04-07 14:53:21.126","47","28","Buy"
"1","108","120","2021-04-07 14:53:21.214","46","37","Buy"
"1","109","121","2021-04-07 14:53:22.963","46","691","Buy"
"1","110","-108","2021-04-07 14:53:41.888","50","0","Sell"
"1","111","-119","2021-04-07 14:53:41.999","47","0","Buy"
"1","112","124","2021-04-07 14:53:45.536","45","36","Buy"
"1","113","125","2021-04-07 14:54:04.329","52","51","Sell"
"1","114","-124","2021-04-07 14:54:11.040","45","0","Buy"
"1","115","-125","2021-04-07 14:54:11.160","52","0","Sell"
"1","116","128","2021-04-07 14:54:12.067","47","21","Buy"
"1","117","129","2021-04-07 14:54:17.435","50","89","Sell"
"1","118","130","2021-04-07 14:54:17.535","46","32","Buy"
"1","119","131","2021-04-07 14:54:18.759","48","43","Buy"
"1","120","132","2021-04-07 14:54:18.997","0","21","Sell"
"1","121","133","2021-04-07 14:54:19.728","49","32","Buy"
"1","122","134","2021-04-07 14:54:21.366","49","49","Sell"
"1","123","135","2021-04-07 14:54:28.985","50","20","Sell"
"1","124","136","2021-04-07 14:54:30.108","0","243","Sell"
"1","125","137","2021-04-07 14:54:31.273","0","33","Buy"
"1","126","138","2021-04-07 14:54:31.430","47","70","Buy"
"1","127","139","2021-04-07 14:54:34.810","51","433","Sell"
"1","128","140","2021-04-07 14:54:39.511","0","108","Buy"
"1","129","141","2021-04-07 14:54:47.382","48","39","Buy"
"1","130","-85","2021-04-07 14:54:49.621","53","0","Sell"
"1","131","-141","2021-04-07 14:54:49.850","48","0","Buy"
"1","132","-109","2021-04-07 14:54:52.841","51","0","Sell"
"1","133","145","2021-04-07 14:54:53.261","48","31","Buy"
"1","134","-139","2021-04-07 14:54:54.377","51","0","Sell"
"1","135","147","2021-04-07 14:54:58.149","52","35","Sell"
"1","136","148","2021-04-07 14:54:59.011","47","43","Buy"
"1","137","-111","2021-04-07 14:54:59.257","51","0","Sell"
"1","138","150","2021-04-07 14:55:00.300","50","33","Sell"
"1","139","151","2021-04-07 14:55:01.850","47","27","Buy"
"1","140","152","2021-04-07 14:55:03.473","0","23","Sell"
"1","141","-145","2021-04-07 14:55:03.808","48","0","Buy"
"1","142","154","2021-04-07 14:55:04.153","46","110","Buy"
"1","143","155","2021-04-07 14:55:04.681","51","52","Sell"
"1","144","-147","2021-04-07 14:55:05.470","52","0","Sell"
"1","145","-151","2021-04-07 14:55:11.035","47","0","Buy"
"1","146","158","2021-04-07 14:55:11.751","49","31","Sell"
"1","147","159","2021-04-07 14:55:11.771","48","79","Sell"
"1","148","160","2021-04-07 14:55:11.994","47","91","Sell"
"1","149","161","2021-04-07 14:55:13.522","0","48","Buy"
"1","150","-148","2021-04-07 14:55:14.332","47","0","Buy"
"1","151","163","2021-04-07 14:55:17.109","45","50","Buy"
"1","152","164","2021-04-07 14:55:19.797","47","27","Buy"
"1","153","165","2021-04-07 14:55:21.089","49","125","Sell"
"1","154","166","2021-04-07 14:55:23.968","49","55","Sell"
"1","155","167","2021-04-07 14:55:24.351","47","78","Sell"
"1","156","168","2021-04-07 14:55:27.663","48","169","Sell"
"1","157","-150","2021-04-07 14:55:27.791","50","0","Sell"
"1","158","-115","2021-04-07 14:55:27.908","45","0","Buy"
"1","159","-163","2021-04-07 14:55:28.404","45","0","Buy"
"1","160","172","2021-04-07 14:55:29.776","47","43","Buy"
"1","161","173","2021-04-07 14:55:32.430","46","33","Sell"
"1","162","174","2021-04-07 14:55:33.265","48","36","Sell"
"1","163","-154","2021-04-07 14:55:33.457","46","0","Buy"
"1","164","176","2021-04-07 14:55:33.775","45","44","Buy"
"1","165","177","2021-04-07 14:55:34.953","47","53","Buy"
"1","166","-177","2021-04-07 14:55:35.073","47","0","Buy"
"1","167","179","2021-04-07 14:55:37.259","47","71","Sell"
"1","168","180","2021-04-07 14:55:38.729","45","23","Buy"
"1","169","-121","2021-04-07 14:55:38.837","46","0","Buy"
"1","170","182","2021-04-07 14:55:39.368","0","113","Buy"
"1","171","-130","2021-04-07 14:55:41.751","46","0","Buy"
"1","172","-176","2021-04-07 14:55:43.119","45","0","Buy"
"1","173","-168","2021-04-07 14:55:43.257","48","0","Sell"
"1","174","186","2021-04-07 14:55:45.534","47","21","Sell"
"1","175","-166","2021-04-07 14:55:49.408","49","0","Sell"
"1","176","-180","2021-04-07 14:55:50.113","45","0","Buy"
"1","177","190","2021-04-07 14:55:50.726","0","38","Buy"
"1","178","191","2021-04-07 14:55:51.381","43","36","Buy"
"1","179","-191","2021-04-07 14:55:53.507","43","0","Buy"
"1","180","194","2021-04-07 14:55:56.032","0","40","Buy"
"1","181","195","2021-04-07 14:55:56.169","44","285","Buy"
"1","182","196","2021-04-07 14:55:56.411","45","34","Buy"
"1","183","197","2021-04-07 14:55:57.488","46","45","Buy"
"1","184","-158","2021-04-07 14:55:57.865","49","0","Sell"
"1","185","199","2021-04-07 14:55:58.630","0","99","Buy"
"1","186","200","2021-04-07 14:55:59.177","48","81","Sell"
"1","187","-88","2021-04-07 14:56:01.371","51","0","Sell"
"1","188","202","2021-04-07 14:56:02.648","45","160","Buy"
"1","189","203","2021-04-07 14:56:02.943","47","47","Sell"
"1","190","-17","2021-04-07 14:56:03.227","52","0","Sell"
"1","191","-197","2021-04-07 14:56:03.400","46","0","Buy"
"1","192","206","2021-04-07 14:56:04.884","46","107","Sell"
"1","193","207","2021-04-07 14:56:07.426","47","25","Sell"
"1","194","-200","2021-04-07 14:56:08.580","48","0","Sell"
"1","195","-195","2021-04-07 14:56:11.772","44","0","Buy"
"1","196","-206","2021-04-07 14:56:11.887","46","0","Sell"
"1","197","211","2021-04-07 14:56:12.048","46","354","Buy"
"1","198","-202","2021-04-07 14:56:15.984","45","0","Buy"
"1","199","213","2021-04-07 14:56:17.075","48","26","Sell"
"1","200","214","2021-04-07 14:56:20.624","47","23","Buy"
"1","201","-196","2021-04-07 14:56:21.012","45","0","Buy"
"1","202","-211","2021-04-07 14:56:29.201","46","0","Buy"
"1","203","217","2021-04-07 14:56:32.613","0","46","Sell"
"1","204","219","2021-04-07 14:56:38.833","46","49","Sell"
"1","205","220","2021-04-07 14:56:38.852","0","22","Buy"
"1","206","221","2021-04-07 14:56:38.946","41","62","Buy"
"1","207","222","2021-04-07 14:56:39.605","47","72","Sell"
"1","208","-213","2021-04-07 14:56:41.358","48","0","Sell"
"1","209","225","2021-04-07 14:56:42.959","47","38","Sell"
"1","210","-219","2021-04-07 14:56:43.613","46","0","Sell"
"1","211","227","2021-04-07 14:57:06.037","40","35","Buy"
"1","212","228","2021-04-07 14:57:16.928","46","26","Sell"
"1","213","229","2021-04-07 14:57:18.989","42","26","Buy"
"1","214","230","2021-04-07 14:57:22.953","0","1214","Sell"
"1","215","231","2021-04-07 14:57:23.086","0","25","Buy"
"1","216","-228","2021-04-07 14:57:23.607","46","0","Sell"
"1","217","-165","2021-04-07 14:57:25.266","49","0","Sell"
"1","218","234","2021-04-07 14:57:25.339","46","24","Sell"
"1","219","-234","2021-04-07 14:57:26.219","46","0","Sell"
"1","220","237","2021-04-07 14:57:27.643","46","65","Sell"
"1","221","238","2021-04-07 14:57:31.161","45","35","Sell"
"1","222","240","2021-04-07 14:57:33.240","40","1283","Buy"
"1","223","-240","2021-04-07 14:57:35.142","40","0","Buy"
"1","224","-207","2021-04-07 14:57:41.970","47","0","Sell"
"1","225","-238","2021-04-07 14:57:42.860","45","0","Sell"
"1","226","245","2021-04-07 14:57:44.007","41","22","Buy"
"1","227","246","2021-04-07 14:57:44.817","45","51","Sell"
"1","228","247","2021-04-07 14:57:45.949","42","25","Buy"
"1","229","-245","2021-04-07 14:57:48.705","41","0","Buy"
"1","230","249","2021-04-07 14:57:48.931","43","69","Buy"
"1","231","250","2021-04-07 14:57:51.438","44","28","Buy"
"1","232","251","2021-04-07 14:57:52.169","44","33","Sell"
"1","233","-251","2021-04-07 14:57:53.211","44","0","Sell"
"1","234","253","2021-04-07 14:57:53.630","42","85","Buy"
"1","235","254","2021-04-07 14:57:55.785","42","302","Buy"
"1","236","255","2021-04-07 14:57:55.794","46","43","Sell"
"1","237","256","2021-04-07 14:57:55.864","0","23","Buy"
"1","238","257","2021-04-07 14:57:57.117","0","25","Buy"
"1","239","258","2021-04-07 14:58:07.244","44","27","Sell"
"1","240","-254","2021-04-07 14:58:08.408","42","0","Buy"
"1","241","260","2021-04-07 14:58:08.529","43","35","Sell"
"1","242","-258","2021-04-07 14:58:09.857","44","0","Sell"
"1","243","-246","2021-04-07 14:58:10.910","45","0","Sell"
"1","244","263","2021-04-07 14:58:12.701","45","81","Sell"
"1","245","264","2021-04-07 14:58:12.928","0","56","Sell"
"1","246","265","2021-04-07 14:58:17.789","43","91","Buy"
"1","247","266","2021-04-07 14:58:21.129","46","37","Sell"
"1","248","267","2021-04-07 14:58:52.511","42","25","Buy"
"1","249","268","2021-04-07 14:58:53.520","44","33","Buy"
"1","250","-268","2021-04-07 14:58:53.634","44","0","Buy"
"1","251","-247","2021-04-07 14:58:53.767","42","0","Buy"
"1","252","271","2021-04-07 14:58:54.526","42","42","Buy"
"1","253","-265","2021-04-07 14:58:54.682","43","0","Buy"
"1","254","273","2021-04-07 14:58:54.905","46","23","Sell"
"1","255","274","2021-04-07 14:58:56.894","41","24","Buy"
"1","256","275","2021-04-07 14:58:58.319","0","125","Sell"
"1","257","276","2021-04-07 14:59:00.109","44","33","Sell"
"1","258","-222","2021-04-07 14:59:00.336","47","0","Sell"
"1","259","-266","2021-04-07 14:59:00.899","46","0","Sell"
"1","260","-271","2021-04-07 14:59:01.392","42","0","Buy"
"1","261","280","2021-04-07 14:59:01.850","43","26","Sell"
"1","262","281","2021-04-07 14:59:02.634","42","20","Buy"
"1","263","-281","2021-04-07 14:59:02.771","42","0","Buy"
"1","264","283","2021-04-07 14:59:03.570","0","107","Sell"
"1","265","-280","2021-04-07 14:59:04.699","43","0","Sell"
"1","266","285","2021-04-07 14:59:04.721","39","40","Buy"
"1","267","-276","2021-04-07 14:59:04.916","44","0","Sell"
"1","268","288","2021-04-07 14:59:05.959","38","24","Buy"
"1","269","289","2021-04-07 14:59:06.604","40","309","Buy"
"1","270","-289","2021-04-07 14:59:08.469","40","0","Buy"
"1","271","291","2021-04-07 14:59:08.833","40","34","Buy"
"1","272","292","2021-04-07 14:59:09.051","41","21","Buy"
"1","273","-255","2021-04-07 14:59:09.468","46","0","Sell"
"1","274","294","2021-04-07 14:59:09.564","40","45","Buy"
"1","275","295","2021-04-07 14:59:11.197","44","31","Sell"
"1","276","296","2021-04-07 14:59:11.563","40","169","Buy"
"1","277","297","2021-04-07 14:59:11.834","43","25","Sell"
"1","278","-292","2021-04-07 14:59:12.125","41","0","Buy"
"1","279","299","2021-04-07 14:59:12.287","0","188","Buy"
"1","280","300","2021-04-07 14:59:12.392","47","107","Sell"
"1","281","301","2021-04-07 14:59:12.719","41","316","Buy"
"1","282","302","2021-04-07 14:59:12.736","0","43","Buy"
"1","283","303","2021-04-07 14:59:12.818","40","397","Buy"
"1","284","304","2021-04-07 14:59:14.364","0","23","Sell"
"1","285","-300","2021-04-07 14:59:14.484","47","0","Sell"
"1","286","-155","2021-04-07 14:59:14.607","51","0","Sell"
"1","287","307","2021-04-07 14:59:15.013","0","29","Sell"
"1","288","308","2021-04-07 14:59:15.112","0","22","Sell"
"1","289","309","2021-04-07 14:59:16.373","40","36","Buy"
"1","290","310","2021-04-07 14:59:16.837","46","21","Sell"
"1","291","311","2021-04-07 14:59:17.250","42","26","Buy"
"1","292","-310","2021-04-07 14:59:17.375","46","0","Sell"
"1","293","313","2021-04-07 14:59:17.866","41","41","Buy"
"1","294","314","2021-04-07 14:59:17.886","46","26","Sell"
"1","295","315","2021-04-07 14:59:19.519","47","131","Sell"
"1","296","-313","2021-04-07 14:59:20.135","41","0","Buy"
"1","297","-203","2021-04-07 14:59:22.997","47","0","Sell"
"1","298","-314","2021-04-07 14:59:23.367","46","0","Sell"
"1","299","319","2021-04-07 14:59:23.390","48","81","Sell"
"1","300","320","2021-04-07 14:59:24.222","46","25","Sell"
"1","301","-320","2021-04-07 14:59:25.228","46","0","Sell"
"1","302","322","2021-04-07 14:59:27.595","41","37","Buy"
"1","303","-311","2021-04-07 14:59:28.075","42","0","Buy"
"1","304","324","2021-04-07 14:59:28.761","46","31","Sell"
"1","305","-296","2021-04-07 14:59:31.546","40","0","Buy"
"1","306","326","2021-04-07 14:59:32.017","40","23","Buy"
"1","307","327","2021-04-07 14:59:34.188","45","27","Sell"
"1","308","328","2021-04-07 14:59:36.806","44","20","Sell"
"1","309","329","2021-04-07 14:59:37.035","0","20","Buy"
"1","310","330","2021-04-07 14:59:38.774","0","35","Sell"
"1","311","331","2021-04-07 14:59:40.546","40","32","Buy"
"1","312","-288","2021-04-07 14:59:40.696","38","0","Buy"
"1","313","-301","2021-04-07 14:59:41.549","41","0","Buy"
"1","314","-225","2021-04-07 14:59:45.490","47","0","Sell"
"1","315","-315","2021-04-07 14:59:49.485","47","0","Sell"
"1","316","336","2021-04-07 14:59:51.112","40","27","Buy"
"1","317","-291","2021-04-07 14:59:52.191","40","0","Buy"
"1","318","338","2021-04-07 14:59:52.899","44","41","Sell"
"1","319","339","2021-04-07 14:59:56.319","40","43","Buy"
"1","320","340","2021-04-07 14:59:57.031","0","37","Sell"
"1","321","341","2021-04-07 14:59:58.385","45","86","Sell"
"1","322","342","2021-04-07 14:59:59.798","39","39","Buy"
"1","323","343","2021-04-07 15:00:00.945","43","22","Sell"
"1","324","344","2021-04-07 15:00:01.063","0","22","Buy"
"1","325","345","2021-04-07 15:00:03.681","43","20","Sell"
"1","326","-345","2021-04-07 15:00:04.394","43","0","Sell"
"1","327","347","2021-04-07 15:00:05.946","43","37","Sell"
"1","328","-319","2021-04-07 15:00:06.157","48","0","Sell"
"1","329","349","2021-04-07 15:00:06.201","39","848","Buy"
"1","330","350","2021-04-07 15:00:06.373","42","88","Sell"
"1","331","351","2021-04-07 15:00:06.571","0","29","Buy"
"1","332","352","2021-04-07 15:00:07.446","39","24","Buy"
"1","333","-350","2021-04-07 15:00:09.732","42","0","Sell"
"1","334","354","2021-04-07 15:00:10.379","41","52","Buy"
"1","335","355","2021-04-07 15:00:10.920","44","32","Sell"
"1","336","356","2021-04-07 15:00:11.106","42","287","Buy"
"1","337","-336","2021-04-07 15:00:11.222","40","0","Buy"
"1","338","358","2021-04-07 15:00:12.025","44","35","Sell"
"1","339","-356","2021-04-07 15:00:12.769","42","0","Buy"
"1","340","-327","2021-04-07 15:00:13.332","45","0","Sell"
"1","341","361","2021-04-07 15:00:17.469","40","127","Buy"
"1","342","-354","2021-04-07 15:00:17.722","41","0","Buy"
"1","343","363","2021-04-07 15:00:18.275","42","133","Sell"
"1","344","-361","2021-04-07 15:00:22.116","40","0","Buy"
"1","345","-352","2021-04-07 15:00:22.622","39","0","Buy"
"1","346","366","2021-04-07 15:00:22.723","43","42","Sell"
"1","347","367","2021-04-07 15:00:23.238","41","104","Sell"
"1","348","-349","2021-04-07 15:00:23.885","39","0","Buy"
"1","349","369","2021-04-07 15:00:24.908","40","64","Sell"
"1","350","-367","2021-04-07 15:00:25.338","41","0","Sell"
"1","351","371","2021-04-07 15:00:27.484","0","32","Buy"
"1","352","372","2021-04-07 15:00:31.327","41","42","Sell"
"1","353","373","2021-04-07 15:00:32.300","42","147","Sell"
"1","354","-326","2021-04-07 15:00:41.016","40","0","Buy"
"1","355","-372","2021-04-07 15:00:41.285","41","0","Sell"
"1","356","376","2021-04-07 15:00:41.720","39","123","Buy"
"1","357","377","2021-04-07 15:00:41.769","43","29","Sell"
"1","358","378","2021-04-07 15:00:43.282","39","37","Buy"
"1","359","379","2021-04-07 15:00:45.083","0","23","Sell"
"1","360","-363","2021-04-07 15:00:51.785","42","0","Sell"
"1","361","-341","2021-04-07 15:00:53.513","45","0","Sell"
"1","362","-338","2021-04-07 15:00:56.069","44","0","Sell"
"1","363","-373","2021-04-07 15:00:57.572","42","0","Sell"
"1","364","-355","2021-04-07 15:00:57.918","44","0","Sell"
"1","365","385","2021-04-07 15:00:58.195","0","55","Buy"
"1","366","-366","2021-04-07 15:00:58.328","43","0","Sell"
"1","367","387","2021-04-07 15:01:00.296","39","24","Buy"
"1","368","388","2021-04-07 15:01:02.324","42","30","Sell"
"1","369","-324","2021-04-07 15:01:04.663","46","0","Sell"
"1","370","390","2021-04-07 15:01:06.094","43","41","Sell"
"1","371","391","2021-04-07 15:01:06.909","41","22","Sell"
"1","372","392","2021-04-07 15:01:06.995","41","13986","Buy"
"1","373","393","2021-04-07 15:01:07.020","0","44","Sell"
"1","374","-392","2021-04-07 15:01:07.595","41","0","Buy"
"1","375","395","2021-04-07 15:01:07.733","39","22","Buy"
"1","376","-390","2021-04-07 15:01:08.062","43","0","Sell"
"1","377","397","2021-04-07 15:01:10.241","43","25","Sell"
"1","378","398","2021-04-07 15:01:10.847","41","46","Buy"
"1","379","-387","2021-04-07 15:01:11.012","39","0","Buy"
"1","380","-285","2021-04-07 15:01:11.934","39","0","Buy"
"1","381","-388","2021-04-07 15:01:12.409","42","0","Sell"
"1","382","402","2021-04-07 15:01:12.429","0","28","Buy"
"1","383","403","2021-04-07 15:01:12.746","40","6762","Buy"
"1","384","404","2021-04-07 15:01:13.078","40","41","Buy"
"1","385","405","2021-04-07 15:01:13.522","42","49","Buy"
"1","386","406","2021-04-07 15:01:13.826","42","26","Sell"
"1","387","407","2021-04-07 15:01:14.183","44","28","Sell"
"1","388","408","2021-04-07 15:01:15.355","42","108","Sell"
"1","389","409","2021-04-07 15:01:15.588","42","49","Buy"
"1","390","410","2021-04-07 15:01:15.953","43","24","Sell"
"1","391","411","2021-04-07 15:01:15.963","0","23","Buy"
"1","392","412","2021-04-07 15:01:17.020","43","64","Sell"
"1","393","-395","2021-04-07 15:01:17.500","39","0","Buy"
"1","394","414","2021-04-07 15:01:17.719","41","36","Sell"
"1","395","415","2021-04-07 15:01:17.752","43","31","Sell"
"1","396","416","2021-04-07 15:01:18.972","42","39","Buy"
"1","397","-416","2021-04-07 15:01:21.806","42","0","Buy"
"1","398","418","2021-04-07 15:01:22.360","42","32","Buy"
"1","399","-418","2021-04-07 15:01:23.060","42","0","Buy"
"1","400","-397","2021-04-07 15:01:25.889","43","0","Sell"
"1","401","421","2021-04-07 15:01:28.409","0","60","Sell"
"1","402","422","2021-04-07 15:01:28.959","39","48","Buy"
"1","403","-407","2021-04-07 15:01:29.751","44","0","Sell"
"1","404","-404","2021-04-07 15:01:30.407","40","0","Buy"
"1","405","-342","2021-04-07 15:01:35.918","39","0","Buy"
"1","406","426","2021-04-07 15:01:36.301","0","23","Buy"
"1","407","-331","2021-04-07 15:01:39.700","40","0","Buy"
"1","408","428","2021-04-07 15:01:40.491","41","188","Buy"
"1","409","429","2021-04-07 15:01:43.435","42","29","Sell"
"1","410","430","2021-04-07 15:01:44.623","0","21","Sell"
"1","411","-429","2021-04-07 15:01:45.816","42","0","Sell"
"1","412","432","2021-04-07 15:01:49.345","42","476","Sell"
"1","413","433","2021-04-07 15:01:49.811","42","32","Buy"
"1","414","434","2021-04-07 15:01:50.246","43","26","Sell"
"1","415","435","2021-04-07 15:01:52.156","42","32","Buy"
"1","416","436","2021-04-07 15:01:52.434","0","90","Buy"
"1","417","437","2021-04-07 15:01:53.648","41","44","Sell"
"1","418","438","2021-04-07 15:01:53.975","43","79","Sell"
"1","419","439","2021-04-07 15:01:54.544","42","67","Buy"
"1","420","440","2021-04-07 15:01:55.705","43","30","Sell"
"1","421","-428","2021-04-07 15:01:55.831","41","0","Buy"
"1","422","-422","2021-04-07 15:01:56.064","39","0","Buy"
"1","423","443","2021-04-07 15:01:56.795","43","52","Sell"
"1","424","444","2021-04-07 15:01:58.333","43","53","Sell"
"1","425","445","2021-04-07 15:01:58.374","41","47","Buy"
"1","426","-432","2021-04-07 15:01:59.057","42","0","Sell"
"1","427","447","2021-04-07 15:01:59.485","0","173","Buy"
"1","428","448","2021-04-07 15:01:59.962","40","26","Buy"
"1","429","449","2021-04-07 15:02:00.609","42","30","Buy"
"1","430","450","2021-04-07 15:02:01.685","42","23","Sell"
"1","431","-440","2021-04-07 15:02:02.057","43","0","Sell"
"1","432","-449","2021-04-07 15:02:02.306","42","0","Buy"
"1","433","-445","2021-04-07 15:02:03.685","41","0","Buy"
"1","434","-378","2021-04-07 15:02:05.293","39","0","Buy"
"1","435","455","2021-04-07 15:02:05.655","41","54","Buy"
"1","436","-444","2021-04-07 15:02:05.782","43","0","Sell"
"1","437","457","2021-04-07 15:02:15.774","0","64","Sell"
"1","438","458","2021-04-07 15:02:26.255","42","34","Sell"
"1","439","459","2021-04-07 15:02:33.347","0","22","Buy"
"1","440","460","2021-04-07 15:02:33.668","41","41","Buy"
"1","441","461","2021-04-07 15:02:38.017","41","41","Sell"
"1","442","462","2021-04-07 15:02:42.952","0","21","Buy"
"1","443","-438","2021-04-07 15:02:43.060","43","0","Sell"
"1","444","464","2021-04-07 15:02:49.603","39","102","Buy"
"1","445","465","2021-04-07 15:02:51.498","0","64","Buy"
"1","446","467","2021-04-07 15:02:54.281","41","64","Buy"
"1","447","-309","2021-04-07 15:02:54.646","40","0","Buy"
"1","448","-467","2021-04-07 15:02:57.529","41","0","Buy"
"1","449","-376","2021-04-07 15:02:57.652","39","0","Buy"
"1","450","-358","2021-04-07 15:02:58.529","44","0","Sell"
"1","451","473","2021-04-07 15:03:01.623","39","105","Buy"
"1","452","-464","2021-04-07 15:03:01.883","39","0","Buy"
"1","453","475","2021-04-07 15:03:03.425","0","33","Sell"
"1","454","476","2021-04-07 15:03:03.591","39","153","Buy"
"1","455","-403","2021-04-07 15:03:03.769","40","0","Buy"
"1","456","478","2021-04-07 15:03:04.159","39","30","Buy"
"1","457","479","2021-04-07 15:03:04.607","41","20","Buy"
"1","458","482","2021-04-07 15:03:05.907","0","116","Buy"
"1","459","-476","2021-04-07 15:03:06.133","39","0","Buy"
"1","460","-479","2021-04-07 15:03:07.987","41","0","Buy"
"1","461","485","2021-04-07 15:03:08.100","45","26","Sell"
"1","462","-473","2021-04-07 15:03:09.006","39","0","Buy"
"1","463","-485","2021-04-07 15:03:11.931","45","0","Sell"
"1","464","489","2021-04-07 15:03:11.981","0","22","Buy"
"1","465","490","2021-04-07 15:03:12.549","39","22","Buy"
"1","466","491","2021-04-07 15:03:14.707","39","23","Buy"
"1","467","-448","2021-04-07 15:03:15.223","40","0","Buy"
"1","468","493","2021-04-07 15:03:15.844","39","33","Buy"
"1","469","494","2021-04-07 15:03:16.817","0","60","Buy"
"1","470","495","2021-04-07 15:03:16.961","0","20","Sell"
"1","471","497","2021-04-07 15:03:18.859","45","46","Sell"
"1","472","498","2021-04-07 15:03:19.247","46","22","Sell"
"1","473","-339","2021-04-07 15:03:19.359","40","0","Buy"
"1","474","500","2021-04-07 15:03:19.995","0","22","Buy"
"1","475","-491","2021-04-07 15:03:20.289","39","0","Buy"
"1","476","502","2021-04-07 15:03:20.927","0","79","Sell"
"1","477","503","2021-04-07 15:03:24.626","0","23","Buy"
"1","478","504","2021-04-07 15:03:25.265","44","21","Sell"
"1","479","-493","2021-04-07 15:03:25.480","39","0","Buy"
"1","480","506","2021-04-07 15:03:26.395","41","57","Buy"
"1","481","-303","2021-04-07 15:03:26.512","40","0","Buy"
"1","482","508","2021-04-07 15:03:26.530","42","24","Buy"
"1","483","509","2021-04-07 15:03:27.831","45","21","Sell"
"1","484","-504","2021-04-07 15:03:28.220","44","0","Sell"
"1","485","511","2021-04-07 15:03:29.067","46","279","Sell"
"1","486","512","2021-04-07 15:03:29.707","44","53","Sell"
"1","487","513","2021-04-07 15:03:30.080","43","68","Buy"
"1","488","514","2021-04-07 15:03:30.368","43","48","Sell"
"1","489","515","2021-04-07 15:03:31.295","42","33","Buy"
"1","490","516","2021-04-07 15:03:31.581","0","67","Buy"
"1","491","-513","2021-04-07 15:03:31.794","43","0","Buy"
"1","492","-509","2021-04-07 15:03:32.429","45","0","Sell"
"1","493","-498","2021-04-07 15:03:32.559","46","0","Sell"
"1","494","520","2021-04-07 15:03:33.072","41","222","Buy"
"1","495","522","2021-04-07 15:03:34.466","41","25","Buy"
"1","496","-490","2021-04-07 15:03:35.367","39","0","Buy"
"1","497","524","2021-04-07 15:03:35.379","47","24","Sell"
"1","498","-508","2021-04-07 15:03:36.141","42","0","Buy"
"1","499","526","2021-04-07 15:03:36.348","47","816","Sell"
"1","500","-511","2021-04-07 15:03:37.380","46","0","Sell"
"1","501","528","2021-04-07 15:03:37.405","48","86","Sell"
"1","502","529","2021-04-07 15:03:37.965","46","61","Sell"
"1","503","530","2021-04-07 15:03:38.820","43","30","Buy"
"1","504","-530","2021-04-07 15:03:38.938","43","0","Buy"
"1","505","532","2021-04-07 15:03:39.832","47","436","Sell"
"1","506","533","2021-04-07 15:03:41.130","41","23","Buy"
"1","507","-515","2021-04-07 15:03:41.578","42","0","Buy"
"1","508","535","2021-04-07 15:03:45.538","40","41","Buy"
"1","509","536","2021-04-07 15:03:45.813","40","44","Buy"
"1","510","537","2021-04-07 15:03:52.734","0","36","Sell"
"1","511","-535","2021-04-07 15:03:56.674","40","0","Buy"
"1","512","-529","2021-04-07 15:03:58.920","46","0","Sell"
"1","513","540","2021-04-07 15:04:01.289","46","63","Sell"
"1","514","-536","2021-04-07 15:04:01.392","40","0","Buy"
"1","515","542","2021-04-07 15:04:01.585","40","85","Buy"
"1","516","543","2021-04-07 15:04:02.056","40","27","Buy"
"1","517","544","2021-04-07 15:04:02.300","47","44","Sell"
"1","518","545","2021-04-07 15:04:03.882","0","52","Sell"
"1","519","546","2021-04-07 15:04:05.463","42","20","Buy"
"1","520","547","2021-04-07 15:04:05.472","45","38","Sell"
"1","521","548","2021-04-07 15:04:05.605","43","27","Buy"
"1","522","-548","2021-04-07 15:04:06.145","43","0","Buy"
"1","523","550","2021-04-07 15:04:06.551","46","33","Sell"
"1","524","551","2021-04-07 15:04:06.927","0","73","Buy"
"1","525","552","2021-04-07 15:04:07.421","47","24","Sell"
"1","526","553","2021-04-07 15:04:07.865","47","94","Sell"
"1","527","554","2021-04-07 15:04:07.883","0","29","Sell"
"1","528","-540","2021-04-07 15:04:08.495","46","0","Sell"
"1","529","556","2021-04-07 15:04:08.524","42","26","Buy"
"1","530","557","2021-04-07 15:04:09.672","43","164","Buy"
"1","531","-520","2021-04-07 15:04:11.708","41","0","Buy"
"1","532","-553","2021-04-07 15:04:11.828","47","0","Sell"
"1","533","560","2021-04-07 15:04:12.047","45","97","Sell"
"1","534","-528","2021-04-07 15:04:12.166","48","0","Sell"
"1","535","-557","2021-04-07 15:04:12.505","43","0","Buy"
"1","536","563","2021-04-07 15:04:13.943","44","22","Sell"
"1","537","564","2021-04-07 15:04:15.057","0","28","Buy"
"1","538","565","2021-04-07 15:04:15.432","43","93","Buy"
"1","539","-560","2021-04-07 15:04:15.567","45","0","Sell"
"1","540","-550","2021-04-07 15:04:16.795","46","0","Sell"
"1","541","568","2021-04-07 15:04:16.970","0","26","Sell"
"1","542","569","2021-04-07 15:04:17.510","48","35","Sell"
"1","543","570","2021-04-07 15:04:17.792","0","21","Buy"
"1","544","571","2021-04-07 15:04:18.450","44","82","Buy"
"1","545","572","2021-04-07 15:04:18.622","43","483","Buy"
"1","546","-552","2021-04-07 15:04:19.027","47","0","Sell"
"1","547","-478","2021-04-07 15:04:22.453","39","0","Buy"
"1","548","575","2021-04-07 15:04:23.230","0","21","Sell"
"1","549","576","2021-04-07 15:04:25.880","0","30","Sell"
"1","550","-572","2021-04-07 15:04:26.296","43","0","Buy"
"1","551","578","2021-04-07 15:04:26.622","45","26","Buy"
"1","552","579","2021-04-07 15:04:26.804","48","21","Sell"
"1","553","-569","2021-04-07 15:04:27.141","48","0","Sell"
"1","554","581","2021-04-07 15:04:27.152","48","27","Sell"
"1","555","-578","2021-04-07 15:04:27.484","45","0","Buy"
"1","556","583","2021-04-07 15:04:32.145","48","493","Sell"
"1","557","584","2021-04-07 15:04:33.052","46","59","Sell"
"1","558","-532","2021-04-07 15:04:35.063","47","0","Sell"
"1","559","-579","2021-04-07 15:04:35.970","48","0","Sell"
"1","560","587","2021-04-07 15:04:36.249","45","22","Buy"
"1","561","-544","2021-04-07 15:04:37.884","47","0","Sell"
"1","562","589","2021-04-07 15:04:38.665","44","21","Buy"
"1","563","590","2021-04-07 15:04:39.212","45","34","Sell"
"1","564","591","2021-04-07 15:04:39.347","46","59","Sell"
"1","565","592","2021-04-07 15:04:40.022","43","26","Buy"
"1","566","593","2021-04-07 15:04:40.260","44","30","Sell"
"1","567","-584","2021-04-07 15:04:43.662","46","0","Sell"
"1","568","-590","2021-04-07 15:04:45.730","45","0","Sell"
"1","569","596","2021-04-07 15:04:46.987","47","103","Sell"
"1","570","-571","2021-04-07 15:04:47.201","44","0","Buy"
"1","571","-583","2021-04-07 15:04:47.459","48","0","Sell"
"1","572","599","2021-04-07 15:04:47.708","45","114","Buy"
"1","573","600","2021-04-07 15:04:50.951","45","20","Sell"
"1","574","601","2021-04-07 15:04:54.796","46","26","Buy"
"1","575","602","2021-04-07 15:04:57.707","45","516","Sell"
"1","576","603","2021-04-07 15:04:59.421","45","25","Buy"
"1","577","-592","2021-04-07 15:04:59.670","43","0","Buy"
"1","578","605","2021-04-07 15:05:00.521","45","28","Buy"
"1","579","606","2021-04-07 15:05:01.668","43","30","Buy"
"1","580","-589","2021-04-07 15:05:02.119","44","0","Buy"
"1","581","608","2021-04-07 15:05:02.301","44","118","Sell"
"1","582","609","2021-04-07 15:05:02.858","42","567","Buy"
"1","583","-608","2021-04-07 15:05:03.900","44","0","Sell"
"1","584","-565","2021-04-07 15:05:04.405","43","0","Buy"
"1","585","-591","2021-04-07 15:05:06.632","46","0","Sell"
"1","586","613","2021-04-07 15:05:06.821","44","33","Buy"
"1","587","614","2021-04-07 15:05:08.303","45","57","Buy"
"1","588","-602","2021-04-07 15:05:10.883","45","0","Sell"
"1","589","-613","2021-04-07 15:05:11.027","44","0","Buy"
"1","590","-581","2021-04-07 15:05:11.172","48","0","Sell"
"1","591","-596","2021-04-07 15:05:12.275","47","0","Sell"
"1","592","619","2021-04-07 15:05:12.951","48","39","Sell"
"1","593","620","2021-04-07 15:05:15.187","0","103","Sell"
"1","594","621","2021-04-07 15:05:15.609","48","34","Sell"
"1","595","622","2021-04-07 15:05:16.334","46","26","Sell"
"1","596","623","2021-04-07 15:05:16.593","45","62","Sell"
"1","597","624","2021-04-07 15:05:17.324","43","158","Buy"
"1","598","625","2021-04-07 15:05:17.791","42","47","Buy"
"1","599","626","2021-04-07 15:05:18.313","44","52","Buy"
"1","600","627","2021-04-07 15:05:18.662","45","66","Buy"
"1","601","628","2021-04-07 15:05:18.725","45","24","Sell"
"1","602","629","2021-04-07 15:05:19.029","0","35","Buy"
"1","603","-622","2021-04-07 15:05:19.189","46","0","Sell"
"1","604","-609","2021-04-07 15:05:19.312","42","0","Buy"
"1","605","-624","2021-04-07 15:05:19.430","43","0","Buy"
"1","606","633","2021-04-07 15:05:19.447","48","64","Sell"
"1","607","634","2021-04-07 15:05:19.608","45","29","Buy"
"1","608","635","2021-04-07 15:05:20.147","44","22","Buy"
"1","609","636","2021-04-07 15:05:21.300","44","23","Buy"
"1","610","637","2021-04-07 15:05:21.566","46","31","Sell"
"1","611","638","2021-04-07 15:05:21.653","46","56","Buy"
"1","612","639","2021-04-07 15:05:21.787","48","43","Sell"
"1","613","-619","2021-04-07 15:05:21.911","48","0","Sell"
"1","614","641","2021-04-07 15:05:22.055","46","23","Sell"
"1","615","642","2021-04-07 15:05:22.177","45","20","Buy"
"1","616","-633","2021-04-07 15:05:22.285","48","0","Sell"
"1","617","-638","2021-04-07 15:05:22.557","46","0","Buy"
"1","618","-526","2021-04-07 15:05:23.402","47","0","Sell"
"1","619","646","2021-04-07 15:05:24.255","46","22","Sell"
"1","620","647","2021-04-07 15:05:25.006","45","113","Sell"
"1","621","-626","2021-04-07 15:05:25.573","44","0","Buy"
"1","622","649","2021-04-07 15:05:25.996","46","27","Sell"
"1","623","650","2021-04-07 15:05:26.198","43","26","Buy"
"1","624","-647","2021-04-07 15:05:26.456","45","0","Sell"
"1","625","652","2021-04-07 15:05:27.106","43","67","Buy"
"1","626","653","2021-04-07 15:05:27.678","43","21","Buy"
"1","627","-646","2021-04-07 15:05:28.586","46","0","Sell"
"1","628","-543","2021-04-07 15:05:29.241","40","0","Buy"
"1","629","656","2021-04-07 15:05:29.507","0","27","Sell"
"1","630","657","2021-04-07 15:05:29.527","45","36","Buy"
"1","631","658","2021-04-07 15:05:30.495","46","21","Buy"
"1","632","659","2021-04-07 15:05:30.803","45","26","Sell"
"1","633","-649","2021-04-07 15:05:31.592","46","0","Sell"
"1","634","-621","2021-04-07 15:05:33.054","48","0","Sell"
"1","635","662","2021-04-07 15:05:33.130","46","76","Buy"
"1","636","663","2021-04-07 15:05:33.765","46","249","Sell"
"1","637","-650","2021-04-07 15:05:34.442","43","0","Buy"
"1","638","-657","2021-04-07 15:05:34.649","45","0","Buy"
"1","639","666","2021-04-07 15:05:34.699","47","32","Sell"
"1","640","667","2021-04-07 15:05:36.682","47","65","Sell"
"1","641","-636","2021-04-07 15:05:36.965","44","0","Buy"
"1","642","669","2021-04-07 15:05:37.065","0","149","Buy"
"1","643","-625","2021-04-07 15:05:39.369","42","0","Buy"
"1","644","-663","2021-04-07 15:05:40.494","46","0","Sell"
"1","645","-666","2021-04-07 15:05:40.609","47","0","Sell"
"1","646","673","2021-04-07 15:05:40.779","0","28","Buy"
"1","647","674","2021-04-07 15:05:41.390","42","25","Buy"
"1","648","675","2021-04-07 15:05:41.601","44","68","Buy"
"1","649","676","2021-04-07 15:05:42.098","48","283","Sell"
"1","650","677","2021-04-07 15:05:42.983","43","24","Buy"
"1","651","-533","2021-04-07 15:05:43.254","41","0","Buy"
"1","652","679","2021-04-07 15:05:44.307","45","27","Buy"
"1","653","-667","2021-04-07 15:05:46.093","47","0","Sell"
"1","654","681","2021-04-07 15:05:46.837","46","30","Buy"
"1","655","682","2021-04-07 15:05:47.349","47","31","Buy"
"1","656","683","2021-04-07 15:05:48.839","46","338","Buy"
"1","657","684","2021-04-07 15:05:51.945","48","48","Buy"
"1","658","685","2021-04-07 15:05:54.660","49","88","Sell"
"1","659","686","2021-04-07 15:05:56.237","47","30","Sell"
"1","660","687","2021-04-07 15:06:01.676","48","44","Buy"
"1","661","-685","2021-04-07 15:06:01.800","49","0","Sell"
"1","662","689","2021-04-07 15:06:03.583","47","91","Sell"
"1","663","-676","2021-04-07 15:06:04.427","48","0","Sell"
"1","664","691","2021-04-07 15:06:04.661","47","32","Buy"
"1","665","692","2021-04-07 15:06:05.712","45","88","Buy"
"1","666","-689","2021-04-07 15:06:11.380","47","0","Sell"
"1","667","694","2021-04-07 15:06:13.322","51","34","Sell"
"1","668","695","2021-04-07 15:06:16.088","0","35","Sell"
"1","669","696","2021-04-07 15:06:16.914","52","37","Sell"
"1","670","-694","2021-04-07 15:06:17.204","51","0","Sell"
"1","671","698","2021-04-07 15:06:18.127","53","34","Sell"
"1","672","699","2021-04-07 15:06:23.711","0","21","Sell"
"1","673","700","2021-04-07 15:06:24.909","0","56","Sell"
"1","674","701","2021-04-07 15:06:25.234","47","4597","Buy"
"1","675","702","2021-04-07 15:06:26.042","46","43","Buy"
"1","676","703","2021-04-07 15:06:28.162","53","21","Sell"
"1","677","-696","2021-04-07 15:06:32.110","52","0","Sell"
"1","678","705","2021-04-07 15:06:32.230","0","28","Buy"
"1","679","706","2021-04-07 15:06:34.487","48","51","Buy"
"1","680","707","2021-04-07 15:06:34.795","54","22","Sell"
"1","681","708","2021-04-07 15:06:35.508","52","10962","Sell"
"1","682","709","2021-04-07 15:06:36.946","0","29","Sell"
"1","683","710","2021-04-07 15:06:38.382","0","32","Sell"
"1","684","711","2021-04-07 15:06:38.499","48","93","Buy"
"1","685","-653","2021-04-07 15:06:40.103","43","0","Buy"
"1","686","713","2021-04-07 15:06:40.657","0","40","Buy"
"1","687","714","2021-04-07 15:06:42.053","51","25","Sell"
"1","688","715","2021-04-07 15:06:42.116","52","21","Sell"
"1","689","716","2021-04-07 15:06:43.003","49","42","Buy"
"1","690","-714","2021-04-07 15:06:44.219","51","0","Sell"
"1","691","718","2021-04-07 15:06:47.060","0","20","Buy"
"1","692","-716","2021-04-07 15:06:51.959","49","0","Buy"
"1","693","720","2021-04-07 15:06:53.092","47","25","Buy"
"1","694","721","2021-04-07 15:07:00.627","49","96","Buy"
"1","695","722","2021-04-07 15:07:16.514","51","23","Sell"
"1","696","723","2021-04-07 15:07:16.523","52","30","Sell"
"1","697","724","2021-04-07 15:07:17.396","50","29","Buy"
"1","698","725","2021-04-07 15:07:21.910","49","1444","Buy"
"1","699","726","2021-04-07 15:07:21.936","51","47","Buy"
"1","700","-711","2021-04-07 15:07:23.824","48","0","Buy"
"1","701","728","2021-04-07 15:07:24.369","51","30","Sell"
"1","702","729","2021-04-07 15:07:26.612","0","23","Sell"
"1","703","730","2021-04-07 15:07:26.655","49","40","Buy"
"1","704","731","2021-04-07 15:07:26.988","51","796","Buy"
"1","705","732","2021-04-07 15:07:27.795","53","56","Sell"
"1","706","-675","2021-04-07 15:07:28.459","44","0","Buy"
"1","707","-723","2021-04-07 15:07:28.631","52","0","Sell"
"1","708","-703","2021-04-07 15:07:28.802","53","0","Sell"
"1","709","-720","2021-04-07 15:07:29.390","47","0","Buy"
"1","710","737","2021-04-07 15:07:29.419","52","48","Buy"
"1","711","738","2021-04-07 15:07:30.358","51","58","Sell"
"1","712","739","2021-04-07 15:07:30.773","52","82","Buy"
"1","713","-698","2021-04-07 15:07:31.273","53","0","Sell"
"1","714","741","2021-04-07 15:07:33.348","0","29","Buy"
"1","715","-731","2021-04-07 15:07:37.936","51","0","Buy"
