"SecurityId","OrderId","ClientOrderId","DateTime","Price","Volume","Side"
"1","1","1","2021-03-26 11:41:13.262","45","100","Buy"
"1","2","2","2021-03-26 11:41:13.496","45","100","Buy"
"1","3","3","2021-03-26 11:41:13.512","44","100","Buy"
"1","4","4","2021-03-26 11:41:13.523","44","100","Buy"
"1","5","5","2021-03-26 11:41:13.582","50","100","Sell"
"1","6","6","2021-03-26 11:41:13.612","50","100","Sell"
"1","7","7","2021-03-26 11:41:13.613","51","100","Sell"
"1","8","8","2021-03-26 11:41:13.639","51","100","Sell"
"1","9","132","2021-03-26 11:41:13.640","50","35","Buy"
"1","10","167","2021-03-26 11:41:45.913","51","40","Sell"
"1","11","23","2021-03-26 11:41:47.425","0","42","Sell"
"1","12","85","2021-03-26 11:41:49.137","49","763","Sell"
"1","13","86","2021-03-26 11:41:50.227","49","32","Sell"
"1","14","5","2021-03-26 11:41:51.301","50","0","Sell"
"1","15","9","2021-03-26 11:41:56.468","0","29","Buy"
"1","16","4","2021-03-26 11:41:56.469","44","0","Buy"
"1","17","168","2021-03-26 11:41:56.815","50","23","Sell"
"1","18","8","2021-03-26 11:41:58.807","51","0","Sell"
"1","19","133","2021-03-26 11:41:58.914","44","45","Buy"
"1","20","85","2021-03-26 11:42:00.169","49","0","Sell"
"1","21","40","2021-03-26 11:42:00.852","46","33","Buy"
"1","22","87","2021-03-26 11:42:01.203","48","25","Sell"
"1","23","169","2021-03-26 11:42:01.610","50","229","Sell"
"1","24","41","2021-03-26 11:42:02.050","47","22","Buy"
"1","25","134","2021-03-26 11:42:02.051","45","43","Buy"
"1","26","42","2021-03-26 11:42:02.431","47","26","Buy"
"1","27","170","2021-03-26 11:42:02.813","49","28","Sell"
"1","28","135","2021-03-26 11:42:03.358","46","230","Buy"
"1","29","43","2021-03-26 11:42:04.390","47","67","Buy"
"1","30","136","2021-03-26 11:42:04.511","46","246","Buy"
"1","31","7","2021-03-26 11:42:04.678","51","0","Sell"
"1","32","137","2021-03-26 11:42:04.887","46","37","Buy"
"1","33","88","2021-03-26 11:42:06.472","48","38","Sell"
"1","34","138","2021-03-26 11:42:08.226","46","29","Buy"
"1","35","87","2021-03-26 11:42:09.337","48","0","Sell"
"1","36","171","2021-03-26 11:42:10.346","49","78","Sell"
"1","37","89","2021-03-26 11:42:11.958","48","57","Sell"
"1","38","86","2021-03-26 11:42:12.515","49","0","Sell"
"1","39","40","2021-03-26 11:42:12.516","46","0","Buy"
"1","40","90","2021-03-26 11:42:12.821","48","22","Sell"
"1","41","88","2021-03-26 11:42:12.980","48","0","Sell"
"1","42","24","2021-03-26 11:42:13.786","0","37","Sell"
"1","43","91","2021-03-26 11:42:13.854","48","40","Sell"
"1","44","169","2021-03-26 11:42:14.476","50","0","Sell"
"1","45","10","2021-03-26 11:42:15.006","0","20","Buy"
"1","46","90","2021-03-26 11:42:16.927","48","0","Sell"
"1","47","25","2021-03-26 11:42:17.954","0","24","Sell"
"1","48","92","2021-03-26 11:42:20.919","48","106","Sell"
"1","49","139","2021-03-26 11:42:21.529","46","24","Buy"
"1","50","136","2021-03-26 11:42:22.230","46","0","Buy"
"1","51","172","2021-03-26 11:42:23.765","49","84","Sell"
"1","52","173","2021-03-26 11:42:24.142","49","39","Sell"
"1","53","93","2021-03-26 11:42:24.452","48","139","Sell"
"1","54","174","2021-03-26 11:42:24.464","49","34","Sell"
"1","55","94","2021-03-26 11:42:24.475","48","70","Sell"
"1","56","44","2021-03-26 11:42:24.577","47","167","Buy"
"1","57","168","2021-03-26 11:42:26.023","50","0","Sell"
"1","58","45","2021-03-26 11:42:26.586","47","34","Buy"
"1","59","26","2021-03-26 11:42:27.298","0","85","Sell"
"1","60","43","2021-03-26 11:42:28.550","47","0","Buy"
"1","61","170","2021-03-26 11:42:31.944","49","0","Sell"
"1","62","11","2021-03-26 11:42:32.484","0","26","Buy"
"1","63","46","2021-03-26 11:42:33.496","47","134","Buy"
"1","64","93","2021-03-26 11:42:33.704","48","0","Sell"
"1","65","45","2021-03-26 11:42:33.704","47","0","Buy"
"1","66","95","2021-03-26 11:42:34.831","48","46","Sell"
"1","67","96","2021-03-26 11:42:35.824","48","41","Sell"
"1","68","175","2021-03-26 11:42:38.495","49","180","Sell"
"1","69","97","2021-03-26 11:42:39.095","48","21","Sell"
"1","70","98","2021-03-26 11:42:41.276","48","67","Sell"
"1","71","140","2021-03-26 11:42:47.147","46","46","Buy"
"1","72","141","2021-03-26 11:42:49.256","46","3219","Buy"
"1","73","142","2021-03-26 11:42:52.156","46","26","Buy"
"1","74","176","2021-03-26 11:42:52.272","49","25","Sell"
"1","75","177","2021-03-26 11:42:52.359","49","80","Sell"
"1","76","178","2021-03-26 11:42:52.669","49","29","Sell"
"1","77","2","2021-03-26 11:42:53.334","45","0","Buy"
"1","78","99","2021-03-26 11:42:53.660","48","140","Sell"
"1","79","171","2021-03-26 11:42:53.670","49","0","Sell"
"1","80","47","2021-03-26 11:42:55.719","47","36","Buy"
"1","81","48","2021-03-26 11:43:16.186","47","48","Buy"
"1","82","179","2021-03-26 11:43:18.457","49","81","Sell"
"1","83","180","2021-03-26 11:43:22.235","49","39","Sell"
"1","84","173","2021-03-26 11:43:26.594","49","0","Sell"
"1","85","47","2021-03-26 11:43:27.262","47","0","Buy"
"1","86","49","2021-03-26 11:43:29.451","47","102","Buy"
"1","87","181","2021-03-26 11:43:29.810","49","33","Sell"
"1","88","143","2021-03-26 11:43:31.739","46","361","Buy"
"1","89","138","2021-03-26 11:43:34.077","46","0","Buy"
"1","90","46","2021-03-26 11:43:34.278","47","0","Buy"
"1","91","97","2021-03-26 11:43:35.010","48","0","Sell"
"1","92","100","2021-03-26 11:43:35.020","48","30","Sell"
"1","93","144","2021-03-26 11:43:35.055","46","20","Buy"
"1","94","182","2021-03-26 11:43:35.410","49","21","Sell"
"1","95","183","2021-03-26 11:43:35.427","49","118","Sell"
"1","96","6","2021-03-26 11:43:35.798","50","0","Sell"
"1","97","172","2021-03-26 11:43:36.268","49","0","Sell"
"1","98","50","2021-03-26 11:43:36.926","47","80","Buy"
"1","99","27","2021-03-26 11:43:38.194","0","39","Sell"
"1","100","134","2021-03-26 11:43:38.542","45","0","Buy"
"1","101","51","2021-03-26 11:43:39.686","47","33","Buy"
"1","102","184","2021-03-26 11:43:40.259","49","44","Sell"
"1","103","175","2021-03-26 11:43:40.588","49","0","Sell"
"1","104","184","2021-03-26 11:43:41.076","49","0","Sell"
"1","105","183","2021-03-26 11:43:41.076","49","0","Sell"
"1","106","185","2021-03-26 11:43:41.335","49","384","Sell"
"1","107","183","2021-03-26 11:43:42.608","49","0","Sell"
"1","108","52","2021-03-26 11:43:44.984","47","31","Buy"
"1","109","28","2021-03-26 11:43:45.127","0","47","Sell"
"1","110","53","2021-03-26 11:43:46.186","47","30","Buy"
"1","111","135","2021-03-26 11:43:46.431","46","0","Buy"
"1","112","12","2021-03-26 11:43:47.465","0","302","Buy"
"1","113","54","2021-03-26 11:43:48.104","47","276","Buy"
"1","114","186","2021-03-26 11:43:53.974","49","20","Sell"
"1","115","55","2021-03-26 11:43:58.777","47","2794","Buy"
"1","116","91","2021-03-26 11:44:01.955","48","0","Sell"
"1","117","56","2021-03-26 11:44:02.007","47","69","Buy"
"1","118","145","2021-03-26 11:44:03.397","46","822","Buy"
"1","119","101","2021-03-26 11:44:03.684","48","757","Sell"
"1","120","179","2021-03-26 11:44:04.772","49","0","Sell"
"1","121","102","2021-03-26 11:44:06.445","48","25","Sell"
"1","122","103","2021-03-26 11:44:23.473","48","425","Sell"
"1","123","1","2021-03-26 11:44:38.924","45","0","Buy"
"1","124","57","2021-03-26 11:44:42.514","47","25","Buy"
"1","125","13","2021-03-26 11:44:43.644","0","32","Buy"
"1","126","177","2021-03-26 11:44:48.945","49","0","Sell"
"1","127","146","2021-03-26 11:44:49.129","46","32","Buy"
"1","128","51","2021-03-26 11:44:49.463","47","0","Buy"
"1","129","58","2021-03-26 11:44:49.980","47","100","Buy"
"1","130","187","2021-03-26 11:44:50.324","49","3423","Sell"
"1","131","104","2021-03-26 11:44:50.506","48","183","Sell"
"1","132","59","2021-03-26 11:44:51.609","47","194","Buy"
"1","133","102","2021-03-26 11:44:51.943","48","0","Sell"
"1","134","188","2021-03-26 11:44:52.094","49","20","Sell"
"1","135","189","2021-03-26 11:44:52.944","49","24","Sell"
"1","136","49","2021-03-26 11:44:57.970","47","0","Buy"
"1","137","147","2021-03-26 11:44:58.200","46","28","Buy"
"1","138","105","2021-03-26 11:45:00.230","48","23","Sell"
"1","139","55","2021-03-26 11:45:00.335","47","0","Buy"
"1","140","106","2021-03-26 11:45:00.402","48","84","Sell"
"1","141","107","2021-03-26 11:45:01.824","48","145","Sell"
"1","142","137","2021-03-26 11:45:01.878","46","0","Buy"
"1","143","29","2021-03-26 11:45:02.832","0","20","Sell"
"1","144","60","2021-03-26 11:45:03.443","47","21","Buy"
"1","145","108","2021-03-26 11:45:03.933","48","24","Sell"
"1","146","181","2021-03-26 11:45:05.011","49","0","Sell"
"1","147","105","2021-03-26 11:45:05.893","48","0","Sell"
"1","148","148","2021-03-26 11:45:07.011","46","71","Buy"
"1","149","149","2021-03-26 11:45:08.434","46","591","Buy"
"1","150","187","2021-03-26 11:45:10.505","49","0","Sell"
"1","151","145","2021-03-26 11:45:10.560","46","0","Buy"
"1","152","30","2021-03-26 11:45:10.832","0","27","Sell"
"1","153","149","2021-03-26 11:45:11.041","46","0","Buy"
"1","154","190","2021-03-26 11:45:13.240","49","23","Sell"
"1","155","44","2021-03-26 11:45:13.378","47","0","Buy"
"1","156","14","2021-03-26 11:45:13.625","0","21","Buy"
"1","157","191","2021-03-26 11:45:14.250","49","31","Sell"
"1","158","61","2021-03-26 11:45:16.114","47","105","Buy"
"1","159","150","2021-03-26 11:45:17.647","46","51","Buy"
"1","160","109","2021-03-26 11:45:21.892","48","114","Sell"
"1","161","110","2021-03-26 11:45:21.959","48","49","Sell"
"1","162","31","2021-03-26 11:45:27.882","0","21","Sell"
"1","163","59","2021-03-26 11:45:28.769","47","0","Buy"
"1","164","62","2021-03-26 11:45:31.523","47","29","Buy"
"1","165","32","2021-03-26 11:45:36.334","0","56","Sell"
"1","166","151","2021-03-26 11:45:37.600","46","20","Buy"
"1","167","192","2021-03-26 11:45:43.562","49","32","Sell"
"1","168","152","2021-03-26 11:45:45.630","46","32","Buy"
"1","169","63","2021-03-26 11:45:46.166","47","33","Buy"
"1","170","15","2021-03-26 11:45:46.352","0","22","Buy"
"1","171","111","2021-03-26 11:45:47.553","48","20","Sell"
"1","172","193","2021-03-26 11:45:49.285","49","111","Sell"
"1","173","194","2021-03-26 11:45:53.665","49","32","Sell"
"1","174","112","2021-03-26 11:45:57.864","48","35","Sell"
"1","175","33","2021-03-26 11:45:58.955","0","20","Sell"
"1","176","174","2021-03-26 11:45:59.163","49","0","Sell"
"1","177","153","2021-03-26 11:45:59.808","46","27","Buy"
"1","178","64","2021-03-26 11:46:01.129","47","26","Buy"
"1","179","190","2021-03-26 11:46:05.057","49","0","Sell"
"1","180","65","2021-03-26 11:46:07.471","47","170","Buy"
"1","181","154","2021-03-26 11:46:09.608","46","61","Buy"
"1","182","195","2021-03-26 11:46:13.397","49","89","Sell"
"1","183","191","2021-03-26 11:46:15.464","49","0","Sell"
"1","184","151","2021-03-26 11:46:18.258","46","0","Buy"
"1","185","66","2021-03-26 11:46:19.352","47","56","Buy"
"1","186","111","2021-03-26 11:46:19.457","48","0","Sell"
"1","187","143","2021-03-26 11:46:22.554","46","0","Buy"
"1","188","60","2021-03-26 11:46:22.809","47","0","Buy"
"1","189","155","2021-03-26 11:46:42.254","46","90","Buy"
"1","190","113","2021-03-26 11:46:44.988","48","20","Sell"
"1","191","67","2021-03-26 11:46:45.421","47","40","Buy"
"1","192","195","2021-03-26 11:47:13.315","49","0","Sell"
"1","193","114","2021-03-26 11:47:19.421","48","87","Sell"
"1","194","109","2021-03-26 11:47:19.863","48","0","Sell"
"1","195","68","2021-03-26 11:47:21.157","47","45","Buy"
"1","196","115","2021-03-26 11:47:21.539","48","27","Sell"
"1","197","106","2021-03-26 11:47:22.224","48","0","Sell"
"1","198","69","2021-03-26 11:47:22.648","47","48","Buy"
"1","199","50","2021-03-26 11:47:22.878","47","0","Buy"
"1","200","16","2021-03-26 11:47:23.238","0","181","Buy"
"1","201","70","2021-03-26 11:47:23.461","47","89","Buy"
"1","202","116","2021-03-26 11:47:23.848","48","295","Sell"
"1","203","17","2021-03-26 11:47:24.540","0","29","Buy"
"1","204","156","2021-03-26 11:47:25.161","46","182","Buy"
"1","205","18","2021-03-26 11:47:29.122","0","30","Buy"
"1","206","150","2021-03-26 11:47:29.642","46","0","Buy"
"1","207","194","2021-03-26 11:47:32.271","49","0","Sell"
"1","208","34","2021-03-26 11:47:33.157","0","25","Sell"
"1","209","117","2021-03-26 11:47:33.198","48","33","Sell"
"1","210","35","2021-03-26 11:47:36.219","0","22","Sell"
"1","211","157","2021-03-26 11:47:36.563","46","39","Buy"
"1","212","158","2021-03-26 11:47:36.671","46","35","Buy"
"1","213","112","2021-03-26 11:47:37.148","48","0","Sell"
"1","214","159","2021-03-26 11:47:37.775","46","89","Buy"
"1","215","62","2021-03-26 11:47:38.732","47","0","Buy"
"1","216","104","2021-03-26 11:47:39.399","48","0","Sell"
"1","217","167","2021-03-26 11:47:41.193","51","0","Sell"
"1","218","36","2021-03-26 11:47:41.438","0","21","Sell"
"1","219","158","2021-03-26 11:47:41.474","46","0","Buy"
"1","220","160","2021-03-26 11:47:42.014","46","28","Buy"
"1","221","71","2021-03-26 11:47:42.132","47","139","Buy"
"1","222","161","2021-03-26 11:47:43.655","46","65","Buy"
"1","223","162","2021-03-26 11:47:45.149","46","51","Buy"
"1","224","19","2021-03-26 11:47:45.292","0","29","Buy"
"1","225","196","2021-03-26 11:47:48.142","49","54","Sell"
"1","226","72","2021-03-26 11:47:51.224","47","36","Buy"
"1","227","197","2021-03-26 11:47:51.384","49","38","Sell"
"1","228","188","2021-03-26 11:47:52.158","49","0","Sell"
"1","229","180","2021-03-26 11:47:54.355","49","0","Sell"
"1","230","73","2021-03-26 11:47:56.062","47","31","Buy"
"1","231","118","2021-03-26 11:47:56.364","48","107","Sell"
"1","232","72","2021-03-26 11:47:56.683","47","0","Buy"
"1","233","189","2021-03-26 11:47:57.599","49","0","Sell"
"1","234","161","2021-03-26 11:47:58.294","46","0","Buy"
"1","235","3","2021-03-26 11:47:59.217","44","0","Buy"
"1","236","142","2021-03-26 11:48:03.272","46","0","Buy"
"1","237","176","2021-03-26 11:48:04.078","49","0","Sell"
"1","238","198","2021-03-26 11:48:05.045","49","61","Sell"
"1","239","110","2021-03-26 11:48:05.803","48","0","Sell"
"1","240","119","2021-03-26 11:48:06.206","48","26","Sell"
"1","241","133","2021-03-26 11:48:06.507","44","0","Buy"
"1","242","139","2021-03-26 11:48:06.718","46","0","Buy"
"1","243","115","2021-03-26 11:48:07.990","48","0","Sell"
"1","244","140","2021-03-26 11:48:08.198","46","0","Buy"
"1","245","186","2021-03-26 11:48:08.354","49","0","Sell"
"1","246","185","2021-03-26 11:48:08.459","49","0","Sell"
"1","247","185","2021-03-26 11:48:09.188","49","0","Sell"
"1","248","182","2021-03-26 11:48:10.605","49","0","Sell"
"1","249","152","2021-03-26 11:48:10.819","46","0","Buy"
"1","250","74","2021-03-26 11:48:11.706","47","58","Buy"
"1","251","120","2021-03-26 11:48:11.844","48","68","Sell"
"1","252","75","2021-03-26 11:48:12.398","47","157","Buy"
"1","253","199","2021-03-26 11:48:14.858","49","27","Sell"
"1","254","76","2021-03-26 11:48:15.540","47","337","Buy"
"1","255","77","2021-03-26 11:48:15.983","47","131","Buy"
"1","256","78","2021-03-26 11:48:16.732","47","33","Buy"
"1","257","79","2021-03-26 11:48:18.766","47","20","Buy"
"1","258","121","2021-03-26 11:48:19.088","48","23","Sell"
"1","259","20","2021-03-26 11:48:19.907","0","25","Buy"
"1","260","163","2021-03-26 11:48:20.729","46","54","Buy"
"1","261","122","2021-03-26 11:48:20.750","48","20","Sell"
"1","262","37","2021-03-26 11:48:34.610","0","26","Sell"
"1","263","123","2021-03-26 11:48:36.081","48","35","Sell"
"1","264","164","2021-03-26 11:48:38.502","46","2959","Buy"
"1","265","124","2021-03-26 11:48:38.616","48","49","Sell"
"1","266","125","2021-03-26 11:48:39.656","48","21","Sell"
"1","267","126","2021-03-26 11:48:40.157","48","71","Sell"
"1","268","80","2021-03-26 11:48:41.541","47","49","Buy"
"1","269","73","2021-03-26 11:48:41.541","47","0","Buy"
"1","270","198","2021-03-26 11:48:42.062","49","0","Sell"
"1","271","200","2021-03-26 11:48:42.423","49","1289","Sell"
"1","272","38","2021-03-26 11:48:42.667","0","28","Sell"
"1","273","81","2021-03-26 11:48:43.098","47","33","Buy"
"1","274","127","2021-03-26 11:48:45.145","48","357","Sell"
"1","275","82","2021-03-26 11:48:45.576","47","22","Buy"
"1","276","128","2021-03-26 11:48:45.937","48","35","Sell"
"1","277","126","2021-03-26 11:48:47.128","48","0","Sell"
"1","278","64","2021-03-26 11:48:47.519","47","0","Buy"
"1","279","165","2021-03-26 11:48:50.399","46","24","Buy"
"1","280","21","2021-03-26 11:48:54.900","0","22","Buy"
"1","281","39","2021-03-26 11:49:03.458","0","24","Sell"
"1","282","146","2021-03-26 11:49:04.113","46","0","Buy"
"1","283","129","2021-03-26 11:49:12.649","48","35","Sell"
"1","284","153","2021-03-26 11:49:13.721","46","0","Buy"
"1","285","22","2021-03-26 11:49:14.396","0","80","Buy"
"1","286","201","2021-03-26 11:49:17.220","49","296","Sell"
"1","287","197","2021-03-26 11:49:21.246","49","0","Sell"
"1","288","83","2021-03-26 11:49:23.570","47","95","Buy"
"1","289","130","2021-03-26 11:49:25.411","48","34","Sell"
"1","290","131","2021-03-26 11:49:26.122","48","27","Sell"
"1","291","84","2021-03-26 11:49:26.805","47","69","Buy"
"1","292","166","2021-03-26 11:49:28.182","46","32","Buy"
"1","293","199","2021-03-26 11:49:28.507","49","0","Sell"
