DateTime,Price,Volume,Type,Side,MidPrice,MicroPrice,Spread
2021-04-16T03:04:45.265,1000,87,LO,-1,missing,missing,missing
2021-04-16T03:05:16.992,1001,180,OC,-1,missing,missing,missing
2021-04-16T03:05:18.422,1000,27,LO,-1,missing,missing,missing
2021-04-16T03:05:19.512,999,46,LO,-1,missing,missing,missing
2021-04-16T03:05:19.689,1000,27,OC,-1,missing,missing,missing
2021-04-16T03:05:25.643,1000,27,MO,1,missing,missing,missing
2021-04-16T03:05:25.643,1001,77,LO,-1,missing,missing,missing
2021-04-16T03:05:25.644,1001,77,MO,1,missing,missing,missing
2021-04-16T03:05:25.644,missing,missing,LO,-1,missing,missing,missing
2021-04-16T03:05:26.092,1004,28,LO,-1,missing,missing,missing
2021-04-16T03:05:28.192,998,86,LO,1,1001.0,999.4736842105264,6.0
2021-04-16T03:05:29.448,missing,missing,OC,-1,missing,missing,missing
2021-04-16T03:05:30.131,999,21,LO,1,missing,missing,missing
2021-04-16T03:05:30.477,1000,35,LO,-1,999.5,999.625,1.0
2021-04-16T03:05:31.229,999,49,LO,1,999.5,999.4166666666666,1.0
2021-04-16T03:05:31.238,999,28,OC,1,999.5,999.5555555555555,1.0
2021-04-16T03:05:31.707,999,113,LO,1,999.5,999.2364864864865,1.0
2021-04-16T03:05:33.662,999,148,LO,1,999.5,999.1912568306011,1.0
2021-04-16T03:05:35.75,1000,71,LO,-1,999.5,999.324200913242,1.0
2021-04-16T03:05:38.615,1000,36,OC,-1,999.5,999.195652173913,1.0
2021-04-16T03:05:41.129,1000,277,LO,-1,999.5,999.6517647058823,1.0
2021-04-16T03:05:41.998,1000,377,LO,-1,999.5,999.7180952380952,1.0
2021-04-16T03:05:42.256,1000,136,OC,-1,999.5,999.4788732394367,1.0
2021-04-16T03:05:43.062,999,28,MO,-1,missing,missing,missing
2021-04-16T03:05:43.062,999,120,LO,1,999.5,999.53125,1.0
2021-04-16T03:05:43.062,999,85,MO,-1,missing,missing,missing
2021-04-16T03:05:43.062,999,35,LO,1,999.5,999.7953216374269,1.0
2021-04-16T03:05:43.062,999,35,MO,-1,missing,missing,missing
2021-04-16T03:05:43.062,998,418,LO,1,999.0,998.4909747292419,2.0
2021-04-16T03:05:43.062,998,17,MO,-1,missing,missing,missing
2021-04-16T03:05:43.062,998,401,LO,1,999.0,998.5065176908753,2.0
2021-04-16T03:05:43.129,999,40,LO,-1,998.5,998.0907029478458,1.0
2021-04-16T03:05:44.182,999,40,MO,1,missing,missing,missing
2021-04-16T03:05:44.182,1000,136,LO,-1,999.0,998.5065176908753,2.0
2021-04-16T03:05:44.182,1000,32,MO,1,missing,missing,missing
2021-04-16T03:05:44.182,1000,104,LO,-1,999.0,998.4118811881189,2.0
2021-04-16T03:05:46.2,1000,100,OC,-1,999.0,998.3992015968064,2.0
2021-04-16T03:05:47.23,998,69,MO,-1,missing,missing,missing
2021-04-16T03:05:47.23,998,332,LO,1,999.0,998.4629629629629,2.0
2021-04-16T03:05:47.23,998,11,MO,-1,missing,missing,missing
2021-04-16T03:05:47.23,998,321,LO,1,999.0,998.4750593824228,2.0
2021-04-16T03:05:50.191,999,45,LO,-1,998.5,998.1229508196722,1.0
2021-04-16T03:05:53.724,999,81,LO,-1,998.5,998.2014925373135,1.0
2021-04-16T03:05:53.741,999,144,LO,-1,998.5,998.3096774193548,1.0
2021-04-16T03:05:53.849,998,403,LO,1,998.5,998.2632541133455,1.0
2021-04-16T03:05:55.859,998,441,LO,1,998.5,998.2461538461539,1.0
2021-04-16T03:05:56.468,998,23,MO,-1,missing,missing,missing
2021-04-16T03:05:56.468,998,418,LO,1,998.5,998.2562277580071,1.0
2021-04-16T03:05:56.468,998,131,MO,-1,missing,missing,missing
2021-04-16T03:05:56.468,998,287,LO,1,998.5,998.3341067285382,1.0
2021-04-16T03:05:56.468,998,28,MO,-1,missing,missing,missing
2021-04-16T03:05:56.468,998,259,LO,1,998.5,998.3573200992556,1.0
2021-04-16T03:05:56.468,998,48,MO,-1,missing,missing,missing
2021-04-16T03:05:56.468,998,211,LO,1,998.5,998.4056338028169,1.0
2021-04-16T03:05:57.72,998,129,OC,1,998.5,998.5274725274726,1.0
2021-04-16T03:06:01.758,999,45,MO,1,missing,missing,missing
2021-04-16T03:06:01.758,999,99,LO,-1,998.5,998.4342105263158,1.0
2021-04-16T03:06:01.758,999,5,MO,1,missing,missing,missing
2021-04-16T03:06:01.758,999,94,LO,-1,998.5,998.4215246636771,1.0
2021-04-16T03:06:02.769,998,545,LO,1,998.5,998.1471048513303,1.0
2021-04-16T03:06:02.789,999,31,OC,-1,998.5,998.0538194444445,1.0
2021-04-16T03:06:02.87,998,454,OC,1,998.5,998.0639175257731,1.0
2021-04-16T03:06:04.104,999,166,LO,-1,998.5,998.2677419354839,1.0
2021-04-16T03:06:05.095,999,207,LO,-1,998.5,998.3131618759455,1.0
2021-04-16T03:06:08.369,999,280,LO,-1,998.5,998.3814713896458,1.0
2021-04-16T03:06:10.548,999,300,LO,-1,998.5,998.3978779840849,1.0
2021-04-16T03:06:22.929,999,348,LO,-1,998.5,998.4339152119701,1.0
2021-04-16T03:06:24.989,998,475,LO,1,998.5,998.4228432563791,1.0
2021-04-16T03:06:45.457,998,507,LO,1,998.5,998.4070175438596,1.0
2021-04-16T03:06:56.53,998,486,OC,1,998.5,998.4172661870504,1.0
2021-04-16T03:06:58.716,998,517,LO,1,998.5,998.4023121387283,1.0
2021-04-16T03:07:03.409,998,479,OC,1,998.5,998.4207980652963,1.0
2021-04-16T03:07:04.283,999,307,OC,-1,998.5,998.3905852417303,1.0
2021-04-16T03:07:04.289,999,337,LO,-1,998.5,998.4129901960785,1.0
2021-04-16T03:07:06.196,998,502,LO,1,998.5,998.4016686531585,1.0
2021-04-16T03:07:07.363,998,118,MO,-1,missing,missing,missing
2021-04-16T03:07:07.363,998,384,LO,1,998.5,998.4674063800277,1.0
2021-04-16T03:07:08.958,998,416,LO,1,998.5,998.4475431606905,1.0
2021-04-16T03:07:14.253,998,458,LO,1,998.5,998.4238993710692,1.0
2021-04-16T03:07:14.401,998,76,MO,-1,missing,missing,missing
2021-04-16T03:07:14.401,998,382,LO,1,998.5,998.4687065368568,1.0
2021-04-16T03:07:15.356,998,538,LO,1,998.5,998.3851428571429,1.0
2021-04-16T03:07:16.737,999,31,MO,1,missing,missing,missing
2021-04-16T03:07:16.737,999,306,LO,-1,998.5,998.3625592417062,1.0
2021-04-16T03:07:16.737,999,75,MO,1,missing,missing,missing
2021-04-16T03:07:16.737,999,231,LO,-1,998.5,998.3003901170351,1.0
2021-04-16T03:07:17.376,998,559,LO,1,998.5,998.2924050632911,1.0
2021-04-16T03:07:28.045,998,580,LO,1,998.5,998.284833538841,1.0
2021-04-16T03:07:31.223,999,183,OC,-1,998.5,998.2398427260813,1.0
2021-04-16T03:07:31.277,998,602,LO,1,998.5,998.2331210191082,1.0
2021-04-16T03:07:32.857,999,351,LO,-1,998.5,998.3683105981112,1.0
2021-04-16T03:07:35.715,999,382,LO,-1,998.5,998.3882113821138,1.0
2021-04-16T03:07:52.724,999,612,LO,-1,998.5,998.504118616145,1.0
2021-04-16T03:08:11.783,998,830,LO,1,998.5,998.4244105409153,1.0
2021-04-16T03:08:12.807,999,60,MO,1,missing,missing,missing
2021-04-16T03:08:12.807,999,552,LO,-1,998.5,998.3994211287988,1.0
2021-04-16T03:08:12.807,999,2,MO,1,missing,missing,missing
2021-04-16T03:08:12.807,999,550,LO,-1,998.5,998.3985507246376,1.0
2021-04-16T03:08:18.736,998,809,OC,1,998.5,998.4047093451067,1.0
2021-04-16T03:08:19.252,998,838,LO,1,998.5,998.3962536023055,1.0
2021-04-16T03:08:19.778,999,603,LO,-1,998.5,998.4184594031922,1.0
2021-04-16T03:08:20.779,998,991,LO,1,998.5,998.3782936010037,1.0
2021-04-16T03:08:21.214,999,373,OC,-1,998.5,998.2734604105572,1.0
2021-04-16T03:08:27.237,998,959,OC,1,998.5,998.28003003003,1.0
2021-04-16T03:08:29.496,999,407,LO,-1,998.5,998.2979502196193,1.0
2021-04-16T03:08:29.581,998,927,OC,1,998.5,998.3050974512744,1.0
2021-04-16T03:08:29.668,999,468,LO,-1,998.5,998.3354838709678,1.0
2021-04-16T03:08:30.993,999,511,LO,-1,998.5,998.355354659249,1.0
2021-04-16T03:08:32.103,998,222,MO,-1,missing,missing,missing
2021-04-16T03:08:32.103,998,705,LO,1,998.5,998.4202302631579,1.0
2021-04-16T03:08:32.103,998,31,MO,-1,missing,missing,missing
2021-04-16T03:08:32.103,998,674,LO,1,998.5,998.431223628692,1.0
2021-04-16T03:08:32.103,998,23,MO,-1,missing,missing,missing
2021-04-16T03:08:32.103,998,651,LO,1,998.5,998.4397590361446,1.0
2021-04-16T03:08:32.103,998,42,MO,-1,missing,missing,missing
2021-04-16T03:08:32.103,998,609,LO,1,998.5,998.45625,1.0
2021-04-16T03:08:32.103,998,67,MO,-1,missing,missing,missing
2021-04-16T03:08:32.103,998,542,LO,1,998.5,998.4852801519468,1.0
2021-04-16T03:08:32.715,998,586,LO,1,998.5,998.4658158614403,1.0
2021-04-16T03:08:33.204,999,532,LO,-1,998.5,998.4758497316636,1.0
2021-04-16T03:08:35.164,999,502,OC,-1,998.5,998.4613970588235,1.0
2021-04-16T03:08:40.002,998,53,MO,-1,missing,missing,missing
2021-04-16T03:08:40.002,998,533,LO,1,998.5,998.4850241545894,1.0
2021-04-16T03:08:42.651,998,512,OC,1,998.5,998.4950690335306,1.0
2021-04-16T03:08:42.895,999,71,MO,1,missing,missing,missing
2021-04-16T03:08:42.895,999,431,LO,-1,998.5,998.4570519618239,1.0
2021-04-16T03:08:42.896,999,20,MO,1,missing,missing,missing
2021-04-16T03:08:42.896,999,411,LO,-1,998.5,998.445287107259,1.0
2021-04-16T03:08:42.896,999,77,MO,1,missing,missing,missing
2021-04-16T03:08:42.896,999,334,LO,-1,998.5,998.3947990543735,1.0
2021-04-16T03:08:45.384,998,549,LO,1,998.5,998.3782559456398,1.0
2021-04-16T03:08:51.162,999,399,LO,-1,998.5,998.4208860759494,1.0
2021-04-16T03:08:51.232,999,425,LO,-1,998.5,998.4363449691991,1.0
2021-04-16T03:08:57.046,998,36,MO,-1,missing,missing,missing
2021-04-16T03:08:57.046,998,513,LO,1,998.5,998.453091684435,1.0
2021-04-16T03:08:57.046,998,22,MO,-1,missing,missing,missing
2021-04-16T03:08:57.046,998,491,LO,1,998.5,998.4639737991266,1.0
2021-04-16T03:08:57.046,998,11,MO,-1,missing,missing,missing
2021-04-16T03:08:57.046,998,480,LO,1,998.5,998.4696132596686,1.0
2021-04-16T03:08:58.041,998,327,OC,1,998.5,998.5651595744681,1.0
2021-04-16T03:09:00.792,998,358,LO,1,998.5,998.5427841634738,1.0
2021-04-16T03:09:05.6,998,57,MO,-1,missing,missing,missing
2021-04-16T03:09:05.6,998,301,LO,1,998.5,998.5853994490358,1.0
2021-04-16T03:09:15.438,998,1406,LO,1,998.5,998.2321135991261,1.0
2021-04-16T03:09:15.625,999,91,MO,1,missing,missing,missing
2021-04-16T03:09:15.625,999,334,LO,-1,998.5,998.1919540229885,1.0
2021-04-16T03:09:15.625,999,31,MO,1,missing,missing,missing
2021-04-16T03:09:15.625,999,303,LO,-1,998.5,998.1772966647162,1.0
2021-04-16T03:09:15.625,999,26,MO,1,missing,missing,missing
2021-04-16T03:09:15.625,999,277,LO,-1,998.5,998.16458704694,1.0
2021-04-16T03:09:16.826,999,370,LO,-1,998.5,998.2083333333334,1.0
2021-04-16T03:09:27.131,999,393,LO,-1,998.5,998.218454697054,1.0
2021-04-16T03:09:28.12,998,160,MO,-1,missing,missing,missing
2021-04-16T03:09:28.12,998,1246,LO,1,998.5,998.2397803538743,1.0
2021-04-16T03:09:28.12,998,29,MO,-1,missing,missing,missing
2021-04-16T03:09:28.12,998,1217,LO,1,998.5,998.244099378882,1.0
2021-04-16T03:09:28.12,998,44,MO,-1,missing,missing,missing
2021-04-16T03:09:28.12,998,1173,LO,1,998.5,998.2509578544061,1.0
2021-04-16T03:09:28.12,998,37,MO,-1,missing,missing,missing
2021-04-16T03:09:28.12,998,1136,LO,1,998.5,998.2570307390451,1.0
2021-04-16T03:09:28.12,998,31,MO,-1,missing,missing,missing
2021-04-16T03:09:28.12,998,1105,LO,1,998.5,998.262349799733,1.0
2021-04-16T03:09:28.12,998,58,MO,-1,missing,missing,missing
2021-04-16T03:09:28.12,998,1047,LO,1,998.5,998.2729166666667,1.0
2021-04-16T03:09:30.297,998,1070,LO,1,998.5,998.2686261107314,1.0
2021-04-16T03:09:36.739,998,1154,LO,1,998.5,998.2540400775695,1.0
2021-04-16T03:09:48.623,998,1174,LO,1,998.5,998.2507977026164,1.0
2021-04-16T03:09:48.657,999,300,OC,-1,998.5,998.2035278154681,1.0
2021-04-16T03:09:52.081,998,1154,OC,1,998.5,998.2063273727648,1.0
2021-04-16T03:10:14.261,999,330,LO,-1,998.5,998.222371967655,1.0
2021-04-16T03:10:14.594,998,1239,LO,1,998.5,998.2103250478011,1.0
2021-04-16T03:10:48.586,999,376,LO,-1,998.5,998.2328173374613,1.0
2021-04-16T03:10:49.139,999,350,OC,-1,998.5,998.2202643171806,1.0
2021-04-16T03:10:50.432,998,1259,LO,1,998.5,998.2175264139217,1.0
2021-04-16T03:10:50.712,999,500,LO,-1,998.5,998.2842524161456,1.0
2021-04-16T03:10:51.502,999,350,OC,-1,998.5,998.2175264139217,1.0
2021-04-16T03:10:51.815,998,1382,LO,1,998.5,998.2020785219399,1.0
2021-04-16T03:10:52.151,998,1298,OC,1,998.5,998.2123786407767,1.0
2021-04-16T03:10:52.514,999,27,MO,1,missing,missing,missing
2021-04-16T03:10:52.514,999,323,LO,-1,998.5,998.1992597162246,1.0
2021-04-16T03:10:52.514,999,32,MO,1,missing,missing,missing
2021-04-16T03:10:52.514,999,291,LO,-1,998.5,998.1831340465702,1.0
2021-04-16T03:10:52.731,998,1342,LO,1,998.5,998.1781996325781,1.0
2021-04-16T03:10:53.122,999,345,LO,-1,998.5,998.20450503853,1.0
2021-04-16T03:10:53.817,999,2,MO,1,missing,missing,missing
2021-04-16T03:10:53.817,999,343,LO,-1,998.5,998.2035608308605,1.0
2021-04-16T03:10:53.817,999,61,MO,1,missing,missing,missing
2021-04-16T03:10:53.817,999,282,LO,-1,998.5,998.173645320197,1.0
2021-04-16T03:10:53.817,999,43,MO,1,missing,missing,missing
2021-04-16T03:10:53.817,999,239,LO,-1,998.5,998.1511701454775,1.0
2021-04-16T03:10:53.817,999,21,MO,1,missing,missing,missing
2021-04-16T03:10:53.817,999,218,LO,-1,998.5,998.1397435897436,1.0
2021-04-16T03:10:53.817,999,65,MO,1,missing,missing,missing
2021-04-16T03:10:53.817,999,153,LO,-1,998.5,998.1023411371237,1.0
2021-04-16T03:10:53.817,999,23,MO,1,missing,missing,missing
2021-04-16T03:10:53.817,999,130,LO,-1,998.5,998.0883152173913,1.0
2021-04-16T03:10:53.817,999,30,MO,1,missing,missing,missing
2021-04-16T03:10:53.817,999,100,LO,-1,998.5,998.0693481276005,1.0
2021-04-16T03:10:53.817,999,46,MO,1,missing,missing,missing
2021-04-16T03:10:53.817,999,54,LO,-1,998.5,998.038681948424,1.0
2021-04-16T03:10:53.817,999,54,MO,1,missing,missing,missing
2021-04-16T03:10:53.817,1000,1250,LO,-1,999.0,998.9645061728395,2.0
2021-04-16T03:10:53.817,1000,32,MO,1,missing,missing,missing
2021-04-16T03:10:53.817,1000,1218,LO,-1,999.0,998.9515625,2.0
2021-04-16T03:10:53.817,1000,10,MO,1,missing,missing,missing
2021-04-16T03:10:53.817,1000,1208,LO,-1,999.0,998.9474509803922,2.0
2021-04-16T03:10:58.292,1000,37,MO,1,missing,missing,missing
2021-04-16T03:10:58.292,1000,1171,LO,-1,999.0,998.9319538400318,2.0
2021-04-16T03:10:58.292,1000,24,MO,1,missing,missing,missing
2021-04-16T03:10:58.292,1000,1147,LO,-1,999.0,998.9216552832463,2.0
2021-04-16T03:10:58.292,1000,21,MO,1,missing,missing,missing
2021-04-16T03:10:58.292,1000,1126,LO,-1,999.0,998.9124797406807,2.0
2021-04-16T03:10:58.292,1000,125,MO,1,missing,missing,missing
2021-04-16T03:10:58.292,1000,1001,LO,-1,999.0,998.8544600938967,2.0
2021-04-16T03:10:58.292,1000,6,MO,1,missing,missing,missing
2021-04-16T03:10:58.292,1000,995,LO,-1,999.0,998.8515190415062,2.0
2021-04-16T03:11:02.431,998,100,MO,-1,missing,missing,missing
2021-04-16T03:11:02.431,998,1242,LO,1,999.0,998.8895842646401,2.0
2021-04-16T03:11:02.472,999,54,LO,-1,998.5,998.0416666666666,1.0
2021-04-16T03:11:05.489,998,56,MO,-1,missing,missing,missing
2021-04-16T03:11:05.489,998,1186,LO,1,998.5,998.0435483870967,1.0
2021-04-16T03:11:06.423,1000,995,OC,-1,999.0,998.9124254928931,2.0
2021-04-16T03:11:08.005,998,1166,OC,1,999.0,998.9208699676076,2.0
2021-04-16T03:11:08.571,1000,929,OC,-1,999.0,998.8868735083532,2.0
2021-04-16T03:11:10.611,998,65,MO,-1,missing,missing,missing
2021-04-16T03:11:10.611,998,1101,LO,1,999.0,998.9152709359606,2.0
2021-04-16T03:11:11.409,999,30,LO,1,999.5,999.9687174139729,1.0
2021-04-16T03:11:14.566,1000,175,MO,1,missing,missing,missing
2021-04-16T03:11:14.566,1000,754,LO,-1,999.5,999.9617346938776,1.0
2021-04-16T03:11:20.493,999,53,LO,1,999.5,999.9343246592317,1.0
2021-04-16T03:11:25.337,999,218,LO,1,999.5,999.7757201646091,1.0
2021-04-16T03:11:25.638,1000,807,LO,-1,999.5,999.7873170731707,1.0
2021-04-16T03:11:25.854,999,188,OC,1,999.5,999.8110552763819,1.0
2021-04-16T03:11:35.068,1000,754,OC,-1,999.5,999.8004246284501,1.0
2021-04-16T03:11:35.373,1000,2708,LO,-1,999.5,999.9350828729282,1.0
2021-04-16T03:11:37.163,1000,754,OC,-1,999.5,999.8004246284501,1.0
2021-04-16T03:11:40.98,999,284,LO,1,999.5,999.7263969171483,1.0
2021-04-16T03:11:41.118,1000,786,LO,-1,999.5,999.7345794392523,1.0
2021-04-16T03:11:41.665,999,369,LO,1,999.5,999.6805194805195,1.0
2021-04-16T03:11:44.816,999,420,LO,1,999.5,999.6517412935324,1.0
2021-04-16T03:11:45.258,999,454,LO,1,999.5,999.6338709677419,1.0
2021-04-16T03:11:46.004,999,497,LO,1,999.5,999.6126266562743,1.0
2021-04-16T03:11:48.04,999,524,LO,1,999.5,999.6,1.0
2021-04-16T03:11:48.362,1000,816,LO,-1,999.5,999.6089552238806,1.0
2021-04-16T03:11:49.181,1000,754,MO,1,missing,missing,missing
2021-04-16T03:11:49.181,1000,62,LO,-1,999.5,999.1058020477816,1.0
2021-04-16T03:11:49.181,1000,32,MO,1,missing,missing,missing
2021-04-16T03:11:49.181,1000,30,LO,-1,999.5,999.0541516245487,1.0
2021-04-16T03:11:49.181,1000,30,MO,1,missing,missing,missing
2021-04-16T03:11:49.181,1001,22,LO,-1,1000.0,999.080586080586,2.0
2021-04-16T03:11:49.181,1001,22,MO,1,missing,missing,missing
2021-04-16T03:11:49.181,missing,missing,LO,-1,missing,missing,missing
2021-04-16T03:11:50.019,1007,28,LO,-1,1003.0,999.4057971014493,8.0
2021-04-16T03:12:03.871,999,23,MO,-1,missing,missing,missing
2021-04-16T03:12:03.871,999,501,LO,1,1003.0,999.4234404536862,8.0
2021-04-16T03:12:03.871,999,47,MO,-1,missing,missing,missing
2021-04-16T03:12:03.871,999,454,LO,1,1003.0,999.4647302904565,8.0
2021-04-16T03:12:05.355,1006,47,LO,-1,1002.5,999.6566866267465,7.0
2021-04-16T03:12:07.887,1005,33,LO,-1,1002.0,999.4065708418891,6.0
2021-04-16T03:12:08.931,1004,118,LO,-1,1001.5,1000.0314685314685,5.0
2021-04-16T03:12:09.434,1003,135,LO,-1,1001.0,999.9168081494058,4.0
2021-04-16T03:12:10.716,1000,57,LO,1,1001.5,1002.109375,3.0
2021-04-16T03:12:10.77,999,454,OC,1,1001.0,999.9168081494058,4.0
2021-04-16T03:12:11.937,999,118,MO,-1,missing,missing,missing
2021-04-16T03:12:11.937,999,336,LO,1,1001.0,1000.1464968152866,4.0
2021-04-16T03:12:11.937,999,81,MO,-1,missing,missing,missing
2021-04-16T03:12:11.937,999,255,LO,1,1001.0,1000.3846153846154,4.0
2021-04-16T03:12:12.37,1000,31,LO,1,1001.5,1002.4397590361446,3.0
2021-04-16T03:12:14.416,1002,58,LO,-1,1001.0,1001.3033707865169,2.0
2021-04-16T03:12:14.852,1001,27,LO,1,1001.5,1001.6823529411764,1.0
2021-04-16T03:12:15.205,1002,133,LO,-1,1001.5,1001.83125,1.0
2021-04-16T03:12:16.302,1002,75,OC,-1,1001.5,1001.7352941176471,1.0
2021-04-16T03:12:16.796,1000,31,OC,1,1001.0,1001.4150943396227,2.0
2021-04-16T03:12:24.173,1002,51,MO,1,missing,missing,missing
2021-04-16T03:12:24.173,1002,24,LO,-1,1001.0,1000.8727272727273,2.0
2021-04-16T03:12:32.725,1000,31,MO,-1,missing,missing,missing
2021-04-16T03:12:32.725,999,298,LO,1,1000.5,999.223602484472,3.0
2021-04-16T03:12:32.725,999,15,MO,-1,missing,missing,missing
2021-04-16T03:12:32.725,999,283,LO,1,1000.5,999.2345276872965,3.0
2021-04-16T03:12:32.725,999,81,MO,-1,missing,missing,missing
2021-04-16T03:12:32.725,999,202,LO,1,1000.5,999.3185840707964,3.0
2021-04-16T03:12:41.911,1001,173,LO,-1,1000.0,999.9226666666667,2.0
2021-04-16T03:12:43.669,1001,71,MO,1,missing,missing,missing
2021-04-16T03:12:43.669,1001,102,LO,-1,1000.0,999.671052631579,2.0
2021-04-16T03:12:52.844,1000,83,LO,1,1000.5,1000.5513513513514,1.0
2021-04-16T03:12:54.684,1001,154,LO,-1,1000.5,1000.6497890295359,1.0
2021-04-16T03:12:55.391,1001,638,LO,-1,1000.5,1000.8848821081831,1.0
2021-04-16T03:12:56.078,1000,143,LO,1,1000.5,1000.8169014084507,1.0
2021-04-16T03:12:59.141,1001,154,OC,-1,1000.5,1000.5185185185185,1.0
2021-04-16T03:12:59.466,1000,200,LO,1,1000.5,1000.4350282485875,1.0
2021-04-16T03:13:12.837,1001,179,LO,-1,1000.5,1000.4722955145119,1.0
2021-04-16T03:13:14.039,1000,228,LO,1,1000.5,1000.4398034398034,1.0
2021-04-16T03:13:22.945,1001,102,MO,1,missing,missing,missing
2021-04-16T03:13:22.945,1001,77,LO,-1,1000.5,1000.2524590163935,1.0
2021-04-16T03:13:22.945,1001,50,MO,1,missing,missing,missing
2021-04-16T03:13:22.945,1001,27,LO,-1,1000.5,1000.1058823529412,1.0
2021-04-16T03:13:24.941,1001,2,OC,-1,1000.5,1000.008695652174,1.0
2021-04-16T03:13:26.267,1001,87,LO,-1,1000.5,1000.2761904761904,1.0
2021-04-16T03:13:30.896,1000,256,LO,1,1000.5,1000.2536443148688,1.0
2021-04-16T03:13:31.222,1000,60,MO,-1,missing,missing,missing
2021-04-16T03:13:31.222,1000,196,LO,1,1000.5,1000.3074204946996,1.0
2021-04-16T03:13:33.758,1000,245,LO,1,1000.5,1000.2620481927711,1.0
2021-04-16T03:13:37.255,1001,2,OC,-1,1000.5,1000.0080971659919,1.0
2021-04-16T03:13:40.635,1000,268,LO,1,1000.5,1000.0074074074074,1.0
2021-04-16T03:13:42.279,1001,2,MO,1,missing,missing,missing
2021-04-16T03:13:42.279,1002,889,LO,-1,1001.0,1001.5367329299913,2.0
2021-04-16T03:13:42.279,1002,51,MO,1,missing,missing,missing
2021-04-16T03:13:42.279,1002,838,LO,-1,1001.0,1001.5153707052441,2.0
2021-04-16T03:13:42.435,1001,25,LO,-1,1000.5,1000.0853242320819,1.0
2021-04-16T03:13:45.564,1002,880,OC,-1,1001.0,1001.5331010452961,2.0
2021-04-16T03:13:50.235,1000,211,OC,1,1001.0,1001.6131989000917,2.0
2021-04-16T03:13:51.92,1001,22,LO,1,1001.5,1001.9756097560976,1.0
2021-04-16T03:13:54.522,1002,796,OC,-1,1001.5,1001.9731051344743,1.0
2021-04-16T03:13:57.155,1000,231,OC,1,1001.0,1001.5501460564751,2.0
2021-04-16T03:13:58.893,1002,174,MO,1,missing,missing,missing
2021-04-16T03:13:58.893,1002,622,LO,-1,1001.0,1001.4583821805393,2.0
2021-04-16T03:14:05.368,1002,574,OC,-1,1001.0,1001.4260869565218,2.0
2021-04-16T03:14:07.675,1001,46,LO,1,1001.5,1001.9258064516129,1.0
2021-04-16T03:14:08.108,1002,601,LO,-1,1001.5,1001.9289026275115,1.0
2021-04-16T03:14:08.456,1000,231,OC,1,1001.0,1001.4447115384615,2.0
2021-04-16T03:14:10.969,1000,211,OC,1,1001.0,1001.4802955665025,2.0
2021-04-16T03:14:13.926,1001,34,LO,1,1001.5,1001.9464566929133,1.0
2021-04-16T03:14:16.448,1001,34,MO,-1,missing,missing,missing
2021-04-16T03:14:16.448,1000,211,LO,1,1001.0,1001.4802955665025,2.0
2021-04-16T03:14:16.448,1000,23,MO,-1,missing,missing,missing
2021-04-16T03:14:16.448,1000,188,LO,1,1001.0,1001.5234474017744,2.0
2021-04-16T03:14:16.448,1000,11,MO,-1,missing,missing,missing
2021-04-16T03:14:16.448,1000,177,LO,1,1001.0,1001.5449871465296,2.0
2021-04-16T03:14:19.186,1001,84,LO,1,1001.5,1001.8773722627737,1.0
2021-04-16T03:14:19.729,1001,84,MO,-1,missing,missing,missing
2021-04-16T03:14:19.729,1000,177,LO,1,1001.0,1001.5449871465296,2.0
2021-04-16T03:14:19.729,1000,30,MO,-1,missing,missing,missing
2021-04-16T03:14:19.729,1000,147,LO,1,1001.0,1001.6069518716578,2.0
2021-04-16T03:14:22.795,1000,119,OC,1,1001.0,1001.6694444444445,2.0
2021-04-16T03:14:24.425,1001,38,LO,1,1001.5,1001.9405320813771,1.0
2021-04-16T03:14:26.39,1002,81,MO,1,missing,missing,missing
2021-04-16T03:14:26.39,1002,520,LO,-1,1001.5,1001.931899641577,1.0
2021-04-16T03:14:26.716,1001,91,LO,1,1001.5,1001.8510638297872,1.0
2021-04-16T03:14:27.29,1002,482,OC,-1,1001.5,1001.8411867364747,1.0
2021-04-16T03:14:28.406,1002,1543,LO,-1,1001.5,1001.9443084455324,1.0
2021-04-16T03:14:30.756,1001,117,LO,1,1001.5,1001.9295180722892,1.0
2021-04-16T03:14:31.279,1001,228,LO,1,1001.5,1001.871259175607,1.0
2021-04-16T03:14:31.649,1002,94,MO,1,missing,missing,missing
2021-04-16T03:14:31.649,1002,1449,LO,-1,1001.5,1001.8640429338104,1.0
2021-04-16T03:14:31.723,1001,268,LO,1,1001.5,1001.843913803145,1.0
2021-04-16T03:14:31.786,1002,1486,LO,-1,1001.5,1001.8472063854048,1.0
2021-04-16T03:14:33.728,1001,290,LO,1,1001.5,1001.8367117117117,1.0
2021-04-16T03:14:34.417,1002,3481,LO,-1,1001.5,1001.9230973216653,1.0
2021-04-16T03:14:34.592,1001,316,LO,1,1001.5,1001.916776402423,1.0
2021-04-16T03:14:36.494,1002,81,MO,1,missing,missing,missing
2021-04-16T03:14:36.494,1002,3400,LO,-1,1001.5,1001.9149623250808,1.0
2021-04-16T03:14:37.62,1002,3433,LO,-1,1001.5,1001.9157108562283,1.0
2021-04-16T03:14:38.26,1002,1438,OC,-1,1001.5,1001.8198403648803,1.0
2021-04-16T03:14:38.408,1002,105,MO,1,missing,missing,missing
2021-04-16T03:14:38.408,1002,1333,LO,-1,1001.5,1001.8083687083081,1.0
2021-04-16T03:14:38.408,1002,31,MO,1,missing,missing,missing
2021-04-16T03:14:38.408,1002,1302,LO,-1,1001.5,1001.8046971569839,1.0
2021-04-16T03:14:38.408,1002,22,MO,1,missing,missing,missing
2021-04-16T03:14:38.408,1002,1280,LO,-1,1001.5,1001.8020050125314,1.0
2021-04-16T03:14:38.865,1001,364,LO,1,1001.5,1001.7785888077859,1.0
2021-04-16T03:14:39.025,1002,1247,OC,-1,1001.5,1001.774053382992,1.0
2021-04-16T03:14:39.449,1001,38,MO,-1,missing,missing,missing
2021-04-16T03:14:39.449,1001,326,LO,1,1001.5,1001.7927527018436,1.0
2021-04-16T03:14:39.449,1001,53,MO,-1,missing,missing,missing
2021-04-16T03:14:39.449,1001,273,LO,1,1001.5,1001.8203947368421,1.0
2021-04-16T03:14:39.449,1001,26,MO,-1,missing,missing,missing
2021-04-16T03:14:39.449,1001,247,LO,1,1001.5,1001.834672021419,1.0
2021-04-16T03:14:39.449,1001,111,MO,-1,missing,missing,missing
2021-04-16T03:14:39.449,1001,136,LO,1,1001.5,1001.9016630513377,1.0
2021-04-16T03:14:39.449,1001,40,MO,-1,missing,missing,missing
2021-04-16T03:14:39.449,1001,96,LO,1,1001.5,1001.9285182427401,1.0
2021-04-16T03:14:39.449,1001,22,MO,-1,missing,missing,missing
2021-04-16T03:14:39.449,1001,74,LO,1,1001.5,1001.9439818319455,1.0
2021-04-16T03:14:39.449,1001,26,MO,-1,missing,missing,missing
2021-04-16T03:14:39.449,1001,48,LO,1,1001.5,1001.9629343629343,1.0
2021-04-16T03:14:39.449,1001,48,MO,-1,missing,missing,missing
2021-04-16T03:14:39.449,1000,200,LO,1,1001.0,1001.7235659986178,2.0
2021-04-16T03:14:39.449,1000,19,MO,-1,missing,missing,missing
2021-04-16T03:14:39.449,1000,181,LO,1,1001.0,1001.7464985994397,2.0
2021-04-16T03:14:39.449,1000,28,MO,-1,missing,missing,missing
2021-04-16T03:14:39.449,1000,153,LO,1,1001.0,1001.7814285714286,2.0
2021-04-16T03:14:39.449,1000,49,MO,-1,missing,missing,missing
2021-04-16T03:14:39.449,1000,104,LO,1,1001.0,1001.8460399703923,2.0
2021-04-16T03:14:39.449,1000,23,MO,-1,missing,missing,missing
2021-04-16T03:14:39.449,1000,81,LO,1,1001.0,1001.8780120481928,2.0
2021-04-16T03:14:39.449,1000,60,MO,-1,missing,missing,missing
2021-04-16T03:14:39.449,1000,21,LO,1,1001.0,1001.9668769716088,2.0
2021-04-16T03:14:39.449,1000,21,MO,-1,missing,missing,missing
2021-04-16T03:14:39.449,999,261,LO,1,1000.5,1001.4807692307693,3.0
2021-04-16T03:14:39.449,999,51,MO,-1,missing,missing,missing
2021-04-16T03:14:39.449,999,210,LO,1,1000.5,1001.5676046671242,3.0
2021-04-16T03:14:39.449,999,27,MO,-1,missing,missing,missing
2021-04-16T03:14:39.449,999,183,LO,1,1000.5,1001.6160839160839,3.0
2021-04-16T03:14:39.449,999,43,MO,-1,missing,missing,missing
2021-04-16T03:14:39.449,999,140,LO,1,1000.5,1001.6971881759192,3.0
2021-04-16T03:14:39.449,999,45,MO,-1,missing,missing,missing
2021-04-16T03:14:39.449,999,95,LO,1,1000.5,1001.7876304023845,3.0
2021-04-16T03:14:39.449,999,95,MO,-1,missing,missing,missing
2021-04-16T03:14:39.449,997,100,LO,1,999.5,1001.6288047512992,5.0
2021-04-16T03:14:39.449,997,21,MO,-1,missing,missing,missing
2021-04-16T03:14:39.449,997,79,LO,1,999.5,1001.7021116138764,5.0
2021-04-16T03:14:39.449,997,57,MO,-1,missing,missing,missing
2021-04-16T03:14:39.449,997,22,LO,1,999.5,1001.9133175728921,5.0
2021-04-16T03:14:39.449,997,22,MO,-1,missing,missing,missing
2021-04-16T03:14:39.449,missing,missing,LO,1,missing,missing,missing
2021-04-16T03:14:39.944,997,26,LO,1,999.5,1001.897879025923,5.0
2021-04-16T03:14:41.121,1002,54,MO,1,missing,missing,missing
2021-04-16T03:14:41.121,1002,1193,LO,-1,999.5,1001.8933552091878,5.0
2021-04-16T03:14:41.926,998,22,LO,1,1000.0,1001.9275720164609,4.0
2021-04-16T03:14:41.928,999,33,LO,1,1000.5,1001.9192495921696,3.0
2021-04-16T03:14:44.577,1000,1878,LO,1,1001.0,1000.7769456203191,2.0
2021-04-16T03:14:44.667,1002,1167,OC,-1,1001.0,1000.7665024630542,2.0
2021-04-16T03:14:44.923,1002,1125,OC,-1,1001.0,1000.7492507492508,2.0
2021-04-16T03:14:45.169,999,33,OC,1,1000.5,1001.9145077720207,3.0
2021-04-16T03:14:46.25,1000,294,LO,1,1001.0,1001.5856236786469,2.0
2021-04-16T03:14:47.885,999,33,OC,1,1000.5,1001.9145077720207,3.0
2021-04-16T03:14:47.977,1002,1088,OC,-1,1000.5,1001.9116859946477,3.0
2021-04-16T03:14:51.488,1002,27,OC,-1,1000.5,1000.35,3.0
2021-04-16T03:14:51.961,1000,22,LO,1,1001.0,1001.1020408163265,2.0
2021-04-16T03:14:52.797,1001,45,LO,-1,1000.5,1000.6716417910447,1.0
2021-04-16T03:14:54.558,1001,94,LO,-1,1000.5,1000.8103448275862,1.0
2021-04-16T03:14:54.56,1001,132,LO,-1,1000.5,1000.8571428571429,1.0
2021-04-16T03:14:59.322,1001,179,LO,-1,1000.5,1000.8905472636816,1.0
2021-04-16T03:15:03.019,999,166,OC,1,1000.0,1000.0376811594203,2.0
2021-04-16T03:15:04.107,1001,134,OC,-1,1000.0,999.8933333333333,2.0
2021-04-16T03:15:12.318,1001,87,OC,-1,1000.0,999.6877470355731,2.0
2021-04-16T03:15:12.612,1000,25,LO,1,1000.5,1000.7767857142857,1.0
2021-04-16T03:15:13.657,999,201,OC,1,1000.0,999.6041666666666,2.0
2021-04-16T03:15:14.11,1001,49,OC,-1,1000.0,999.392,2.0
2021-04-16T03:15:14.566,999,77,MO,-1,missing,missing,missing
2021-04-16T03:15:14.566,999,124,LO,1,1000.0,999.5664739884393,2.0
2021-04-16T03:15:17.239,1000,23,LO,-1,999.5,999.156462585034,1.0
2021-04-16T03:15:19.337,999,153,LO,1,999.5,999.1306818181819,1.0
2021-04-16T03:15:20.675,999,176,LO,1,999.5,999.1155778894472,1.0
2021-04-16T03:15:21.482,999,211,LO,1,999.5,999.0982905982906,1.0
2021-04-16T03:15:29.458,999,182,OC,1,999.5,999.1121951219512,1.0
2021-04-16T03:15:30.371,999,159,OC,1,999.5,999.1263736263736,1.0
2021-04-16T03:15:32.051,999,55,MO,-1,missing,missing,missing
2021-04-16T03:15:32.051,999,104,LO,1,999.5,999.1811023622047,1.0
2021-04-16T03:15:32.522,1000,23,MO,1,missing,missing,missing
2021-04-16T03:15:32.522,1002,317,LO,-1,1000.5,1001.2589073634205,3.0
2021-04-16T03:15:32.522,1002,20,MO,1,missing,missing,missing
2021-04-16T03:15:32.522,1002,297,LO,-1,1000.5,1001.2219451371571,3.0
2021-04-16T03:15:32.522,1002,23,MO,1,missing,missing,missing
2021-04-16T03:15:32.522,1002,274,LO,-1,1000.5,1001.1746031746031,3.0
2021-04-16T03:15:32.75,1002,252,OC,-1,1000.5,1001.123595505618,3.0
2021-04-16T03:15:36.494,1000,41,LO,1,1001.0,1001.7201365187714,2.0
2021-04-16T03:15:40.195,1001,179,LO,-1,1000.5,1000.8136363636364,1.0
2021-04-16T03:15:40.526,1000,85,LO,1,1000.5,1000.6780303030303,1.0
2021-04-16T03:16:00.032,1001,1300,LO,-1,1000.5,1000.9386281588447,1.0
2021-04-16T03:16:01.017,1001,1121,OC,-1,1000.5,1000.9295190713101,1.0
2021-04-16T03:16:05.065,1000,41,MO,-1,missing,missing,missing
2021-04-16T03:16:05.065,1000,44,LO,1,1000.5,1000.9622317596567,1.0
2021-04-16T03:16:05.065,1000,44,MO,-1,missing,missing,missing
2021-04-16T03:16:05.065,999,136,LO,1,1000.0,1000.7836117740652,2.0
2021-04-16T03:16:05.065,999,3,MO,-1,missing,missing,missing
2021-04-16T03:16:05.065,999,133,LO,1,1000.0,1000.7878787878788,2.0
2021-04-16T03:16:05.065,999,14,MO,-1,missing,missing,missing
2021-04-16T03:16:05.065,999,119,LO,1,1000.0,1000.808064516129,2.0
2021-04-16T03:16:05.283,999,87,OC,1,1000.0,1000.8559602649007,2.0
2021-04-16T03:16:07.68,999,17,MO,-1,missing,missing,missing
2021-04-16T03:16:07.68,999,70,LO,1,1000.0,1000.8824517212427,2.0
2021-04-16T03:16:07.68,999,35,MO,-1,missing,missing,missing
2021-04-16T03:16:07.68,999,35,LO,1,1000.0,1000.939446366782,2.0
2021-04-16T03:16:07.68,999,35,MO,-1,missing,missing,missing
2021-04-16T03:16:07.68,998,53,LO,1,999.5,1000.8645655877342,3.0
2021-04-16T03:16:07.68,998,22,MO,-1,missing,missing,missing
2021-04-16T03:16:07.68,998,31,LO,1,999.5,1000.9192708333334,3.0
2021-04-16T03:16:07.68,998,22,MO,-1,missing,missing,missing
2021-04-16T03:16:07.68,998,9,LO,1,999.5,1000.9761061946903,3.0
2021-04-16T03:16:11.93,999,21,LO,1,1000.0,1000.9632224168126,2.0
2021-04-16T03:16:13.302,1000,21,LO,1,1000.5,1000.9816112084063,1.0
2021-04-16T03:16:16.547,1002,215,OC,-1,1001.0,1001.8220338983051,2.0
2021-04-16T03:16:18.767,1001,75,LO,-1,1000.5,1000.78125,1.0
2021-04-16T03:16:21.772,1000,47,LO,1,1000.5,1000.6147540983607,1.0
2021-04-16T03:16:22.977,1000,21,MO,-1,missing,missing,missing
2021-04-16T03:16:22.977,1000,26,LO,1,1000.5,1000.7425742574258,1.0
2021-04-16T03:16:22.977,1000,26,MO,-1,missing,missing,missing
2021-04-16T03:16:22.977,999,59,LO,1,1000.0,1000.1194029850747,2.0
2021-04-16T03:16:22.977,999,21,MO,-1,missing,missing,missing
2021-04-16T03:16:22.977,999,38,LO,1,1000.0,1000.3274336283185,2.0
2021-04-16T03:16:22.977,999,14,MO,-1,missing,missing,missing
2021-04-16T03:16:22.977,999,24,LO,1,1000.0,1000.5151515151515,2.0
2021-04-16T03:16:24.427,1000,52,LO,-1,999.5,999.6842105263158,1.0
2021-04-16T03:16:25.845,1001,75,OC,-1,1000.0,1000.5151515151515,2.0
2021-04-16T03:16:28.794,1000,101,LO,1,1000.5,1000.4261363636364,1.0
2021-04-16T03:16:30.552,1001,75,MO,1,missing,missing,missing
2021-04-16T03:16:30.552,1002,213,LO,-1,1001.0,1001.3566878980891,2.0
2021-04-16T03:16:30.552,1002,107,MO,1,missing,missing,missing
2021-04-16T03:16:30.552,1002,106,LO,-1,1001.0,1001.024154589372,2.0
2021-04-16T03:16:30.552,1002,61,MO,1,missing,missing,missing
2021-04-16T03:16:30.552,1002,45,LO,-1,1001.0,1000.6164383561644,2.0
2021-04-16T03:16:30.552,1002,45,MO,1,missing,missing,missing
2021-04-16T03:16:30.552,1003,13651,LO,-1,1001.5,1002.9779668411867,3.0
2021-04-16T03:16:30.552,1003,29,MO,1,missing,missing,missing
2021-04-16T03:16:30.552,1003,13622,LO,-1,1001.5,1002.9779202798222,3.0
2021-04-16T03:16:30.552,1003,4923,MO,1,missing,missing,missing
2021-04-16T03:16:30.552,1003,8699,LO,-1,1001.5,1002.9655681818182,3.0
2021-04-16T03:16:31.476,1003,8578,OC,-1,1001.5,1002.9650881437954,3.0
2021-04-16T03:16:32.216,1003,52,MO,1,missing,missing,missing
2021-04-16T03:16:32.216,1003,8526,LO,-1,1001.5,1002.9648777095166,3.0
2021-04-16T03:16:36.125,999,24,OC,1,1001.0,1002.9887719298246,4.0
2021-04-16T03:16:38.418,1002,22,LO,-1,1000.5,1000.4347826086956,3.0
2021-04-16T03:16:41.444,1003,8526,OC,-1,1001.0,1002.9887719298246,4.0
2021-04-16T03:16:46.011,1002,29,LO,-1,1000.5,1000.6415094339623,3.0
2021-04-16T03:16:46.065,1001,41,LO,-1,1000.0,1000.2615384615384,2.0
2021-04-16T03:16:47.221,1001,41,MO,1,missing,missing,missing
2021-04-16T03:16:47.221,1002,29,LO,-1,1000.5,1000.6415094339623,3.0
2021-04-16T03:16:47.221,1002,10,MO,1,missing,missing,missing
2021-04-16T03:16:47.221,1002,19,LO,-1,1000.5,1000.3255813953489,3.0
2021-04-16T03:16:48.465,1000,59,LO,1,1001.0,1000.4871794871794,2.0
2021-04-16T03:16:51.257,1001,36,LO,1,1001.5,1001.3454545454546,1.0
2021-04-16T03:16:58.673,1002,19,MO,1,missing,missing,missing
2021-04-16T03:16:58.673,1003,22,LO,-1,1002.0,1001.7586206896551,2.0
2021-04-16T03:16:58.673,1003,22,MO,1,missing,missing,missing
2021-04-16T03:16:58.673,1004,4167,LO,-1,1002.5,1003.9743040685224,3.0
2021-04-16T03:16:58.673,1004,66,MO,1,missing,missing,missing
2021-04-16T03:16:58.673,1004,4101,LO,-1,1002.5,1003.9738941261784,3.0
2021-04-16T03:16:58.673,1004,400,MO,1,missing,missing,missing
2021-04-16T03:16:58.673,1004,3701,LO,-1,1002.5,1003.971099812684,3.0
2021-04-16T03:17:23.169,1004,55,MO,1,missing,missing,missing
2021-04-16T03:17:23.169,1004,3646,LO,-1,1002.5,1003.9706681151548,3.0
2021-04-16T03:17:30.801,1004,126,OC,-1,1002.5,1003.3333333333334,3.0
2021-04-16T03:17:32.55,1003,470,LO,-1,1002.0,1002.8577075098814,2.0
2021-04-16T03:17:32.57,1001,36,MO,-1,missing,missing,missing
2021-04-16T03:17:32.57,1000,97,LO,1,1001.5,1002.4867724867725,3.0
2021-04-16T03:17:32.571,1000,59,MO,-1,missing,missing,missing
2021-04-16T03:17:32.571,1000,38,LO,1,1001.5,1002.7755905511812,3.0
2021-04-16T03:17:32.571,1000,38,MO,-1,missing,missing,missing
2021-04-16T03:17:32.571,999,24,LO,1,1001.0,1002.8056680161943,4.0
2021-04-16T03:17:32.571,999,24,MO,-1,missing,missing,missing
2021-04-16T03:17:32.571,998,94,LO,1,1000.5,1002.1666666666666,5.0
2021-04-16T03:17:32.571,998,2,MO,-1,missing,missing,missing
2021-04-16T03:17:32.571,998,92,LO,1,1000.5,1002.1814946619218,5.0
2021-04-16T03:17:32.656,1002,86,LO,-1,1000.0,999.9325842696629,4.0
2021-04-16T03:17:37.979,1003,470,OC,-1,1000.5,1002.1814946619218,5.0
2021-04-16T03:17:38.163,998,53,OC,1,1000.5,1002.4933078393882,5.0
2021-04-16T03:17:40.38,998,53,MO,-1,missing,missing,missing
2021-04-16T03:17:40.38,997,34,LO,1,1000.0,1002.5952380952381,6.0
2021-04-16T03:17:40.381,997,34,MO,-1,missing,missing,missing
2021-04-16T03:17:40.381,missing,missing,LO,1,missing,missing,missing
2021-04-16T03:17:45.412,997,43,LO,1,1000.0,1002.4970760233919,6.0
2021-04-16T03:17:45.737,1004,126,OC,-1,1000.5,1002.2189349112426,7.0
2021-04-16T03:17:52.247,998,299,LO,1,1001.0,999.7788235294117,6.0
2021-04-16T03:17:52.545,999,91,LO,1,1001.5,1001.9032258064516,5.0
2021-04-16T03:17:53.27,1000,39,LO,1,1002.0,1003.0545454545454,4.0
2021-04-16T03:17:53.775,1003,44,LO,-1,1001.5,1001.5903614457832,3.0
2021-04-16T03:17:53.841,1003,44,MO,1,missing,missing,missing
2021-04-16T03:17:53.841,1004,126,LO,-1,1002.0,1003.0545454545454,4.0
2021-04-16T03:17:53.841,1004,32,MO,1,missing,missing,missing
2021-04-16T03:17:53.841,1004,94,LO,-1,1002.0,1002.827067669173,4.0
2021-04-16T03:17:54.197,999,132,OC,1,1001.5,1001.0796460176991,5.0
2021-04-16T03:17:54.581,999,91,MO,-1,missing,missing,missing
2021-04-16T03:17:54.581,999,41,LO,1,1001.5,1002.4814814814815,5.0
2021-04-16T03:17:54.581,999,41,MO,-1,missing,missing,missing
2021-04-16T03:17:54.581,998,299,LO,1,1001.0,999.4351145038167,6.0
2021-04-16T03:17:54.581,998,299,MO,-1,missing,missing,missing
2021-04-16T03:17:54.581,997,43,LO,1,1000.5,1001.8029197080292,7.0
2021-04-16T03:17:54.581,997,10,MO,-1,missing,missing,missing
2021-04-16T03:17:54.581,997,33,LO,1,1000.5,1002.1811023622047,7.0
2021-04-16T03:17:54.831,1003,26,LO,-1,1000.0,999.6440677966102,6.0
2021-04-16T03:17:55.317,996,84,OC,1,999.5,997.6545454545454,7.0
2021-04-16T03:17:56.28,1002,23,LO,-1,999.0,997.2897196261682,6.0
2021-04-16T03:17:58.95,1003,26,OC,-1,999.5,997.6545454545454,7.0
2021-04-16T03:17:59.377,996,66,MO,-1,missing,missing,missing
2021-04-16T03:17:59.377,996,18,LO,1,999.5,1000.1363636363636,7.0
2021-04-16T03:17:59.699,995,194,OC,1,999.0,995.9454545454546,8.0
2021-04-16T03:18:00.188,996,206,LO,1,999.5,996.7844827586207,7.0
2021-04-16T03:18:00.269,995,194,OC,1,999.0,995.9454545454546,8.0
2021-04-16T03:18:00.604,1004,123,OC,-1,999.5,998.4921135646688,9.0
2021-04-16T03:18:02.585,995,25,OC,1,999.5,1002.4797297297297,9.0
2021-04-16T03:18:02.892,995,25,MO,-1,missing,missing,missing
2021-04-16T03:18:02.892,994,100,LO,1,999.0,999.5156950672646,10.0
2021-04-16T03:18:02.892,994,100,MO,-1,missing,missing,missing
2021-04-16T03:18:02.892,missing,missing,LO,1,missing,missing,missing
2021-04-16T03:18:03.906,1004,72,MO,1,missing,missing,missing
2021-04-16T03:18:03.906,1004,51,LO,-1,missing,missing,missing
2021-04-16T03:18:06.499,1003,24,LO,-1,missing,missing,missing
2021-04-16T03:18:08.883,1004,22,OC,-1,missing,missing,missing
2021-04-16T03:18:10.234,997,22,LO,1,1000.5,1000.5,7.0
2021-04-16T03:18:10.892,997,22,MO,-1,missing,missing,missing
2021-04-16T03:18:10.892,missing,missing,LO,1,missing,missing,missing
2021-04-16T03:18:13.801,1003,24,LO,-1,missing,missing,missing
2021-04-16T03:18:14.126,997,27,LO,1,1000.0,999.8235294117648,6.0
2021-04-16T03:18:14.276,998,31,LO,1,1000.5,1000.1818181818181,5.0
2021-04-16T03:18:14.296,999,42,LO,1,1001.0,1000.4545454545455,4.0
2021-04-16T03:18:17.41,1004,50,OC,-1,1001.5,1001.7173913043479,5.0
2021-04-16T03:18:18.558,1004,22,MO,1,missing,missing,missing
2021-04-16T03:18:18.558,1004,28,LO,-1,1001.5,1001.0,5.0
2021-04-16T03:18:18.558,1004,28,MO,1,missing,missing,missing
2021-04-16T03:18:18.558,1005,55,LO,-1,1002.0,1002.4020618556701,6.0
2021-04-16T03:18:18.558,1005,32,MO,1,missing,missing,missing
2021-04-16T03:18:18.558,1005,23,LO,-1,1002.0,1001.123076923077,6.0
2021-04-16T03:18:18.558,1005,23,MO,1,missing,missing,missing
2021-04-16T03:18:18.558,missing,missing,LO,-1,missing,missing,missing
2021-04-16T03:18:19.342,999,42,MO,-1,missing,missing,missing
2021-04-16T03:18:19.342,998,80,LO,1,missing,missing,missing
2021-04-16T03:18:19.342,998,31,MO,-1,missing,missing,missing
2021-04-16T03:18:19.342,998,49,LO,1,missing,missing,missing
2021-04-16T03:18:19.342,998,49,MO,-1,missing,missing,missing
2021-04-16T03:18:19.342,missing,missing,LO,1,missing,missing,missing
2021-04-16T03:18:20.727,997,56,LO,1,missing,missing,missing
2021-04-16T03:18:21.868,998,47,LO,-1,997.5,997.4563106796116,1.0
2021-04-16T03:18:22.891,998,98,LO,-1,997.5,997.6363636363636,1.0
2021-04-16T03:18:24.091,997,56,MO,-1,missing,missing,missing
2021-04-16T03:18:24.091,996,48,LO,1,997.0,997.3424657534247,2.0
2021-04-16T03:18:24.091,996,48,MO,-1,missing,missing,missing
2021-04-16T03:18:24.091,missing,missing,LO,1,missing,missing,missing
2021-04-16T03:18:25.289,997,35,LO,-1,missing,missing,missing
2021-04-16T03:18:26.037,997,35,MO,1,missing,missing,missing
2021-04-16T03:18:26.037,998,98,LO,-1,missing,missing,missing
2021-04-16T03:18:26.037,998,29,MO,1,missing,missing,missing
2021-04-16T03:18:26.037,998,69,LO,-1,missing,missing,missing
2021-04-16T03:18:26.307,996,25,LO,1,997.0,997.468085106383,2.0
2021-04-16T03:18:26.704,998,51,OC,-1,997.0,997.3421052631579,2.0
2021-04-16T03:18:27.464,996,25,MO,-1,missing,missing,missing
2021-04-16T03:18:27.464,missing,missing,LO,1,missing,missing,missing
2021-04-16T03:18:27.625,996,88,LO,1,997.0,996.7338129496403,2.0
2021-04-16T03:18:27.758,996,70,MO,-1,missing,missing,missing
2021-04-16T03:18:27.758,996,18,LO,1,997.0,997.4782608695652,2.0
2021-04-16T03:18:27.824,996,18,MO,-1,missing,missing,missing
2021-04-16T03:18:27.824,missing,missing,LO,1,missing,missing,missing
2021-04-16T03:18:28.713,998,51,MO,1,missing,missing,missing
2021-04-16T03:18:28.713,missing,missing,LO,-1,missing,missing,missing
2021-04-16T03:18:29.195,994,2019,LO,1,missing,missing,missing
2021-04-16T03:18:29.41,994,57,MO,-1,missing,missing,missing
2021-04-16T03:18:29.41,994,1962,LO,1,missing,missing,missing
2021-04-16T03:18:29.806,1001,43,LO,-1,997.5,994.1501246882793,7.0
2021-04-16T03:18:31.031,995,61,LO,1,998.0,997.4807692307693,6.0
2021-04-16T03:18:33.128,996,134,LO,1,998.5,997.2146892655368,5.0
2021-04-16T03:18:33.205,1001,43,MO,1,missing,missing,missing
2021-04-16T03:18:33.205,missing,missing,LO,-1,missing,missing,missing
2021-04-16T03:18:33.271,995,61,OC,1,missing,missing,missing
2021-04-16T03:18:34.283,999,24,LO,-1,997.0,996.1294117647059,4.0
2021-04-16T03:18:34.56,998,26,LO,-1,996.5,995.8965517241379,3.0
2021-04-16T03:18:34.585,996,110,LO,1,997.0,996.3823529411765,2.0
2021-04-16T03:18:35.426,995,61,OC,1,996.5,995.8965517241379,3.0
2021-04-16T03:18:39.3,997,28,LO,-1,996.0,995.629213483146,2.0
2021-04-16T03:18:42.713,996,49,LO,-1,995.5,995.4454545454546,1.0
2021-04-16T03:18:43.555,996,185,LO,-1,995.5,995.7520325203252,1.0
2021-04-16T03:18:44.024,994,2048,OC,1,995.0,994.165696372593,2.0
2021-04-16T03:18:46.449,996,49,OC,-1,995.0,994.0467334287076,2.0
2021-04-16T03:18:47.089,994,59,MO,-1,missing,missing,missing
2021-04-16T03:18:47.089,994,1989,LO,1,995.0,994.0480863591756,2.0
2021-04-16T03:18:52.104,995,50,LO,1,995.5,995.4949494949495,1.0
2021-04-16T03:18:56.68,994,3215,OC,1,995.0,994.0300245098039,2.0
2021-04-16T03:18:56.953,997,315,OC,-1,995.5,994.2677053824362,3.0
2021-04-16T03:18:59.685,994,1312,OC,1,995.5,994.5808236017209,3.0
2021-04-16T03:19:00.598,994,1289,OC,1,995.5,994.5891521197008,3.0
2021-04-16T03:19:02.814,996,21,LO,-1,995.0,994.0320610687023,2.0
2021-04-16T03:19:06.135,995,21,LO,-1,994.5,994.0160305343511,1.0
2021-04-16T03:19:13.717,994,1655,LO,1,994.5,994.0125298329356,1.0
2021-04-16T03:19:36.39,994,165,MO,-1,missing,missing,missing
2021-04-16T03:19:36.39,994,1490,LO,1,994.5,994.0138980807412,1.0
2021-04-16T03:19:49.391,994,1551,LO,1,994.5,994.013358778626,1.0
2021-04-16T03:19:53.989,994,1596,LO,1,994.5,994.012987012987,1.0
2021-04-16T03:20:02.454,996,43,OC,-1,995.0,994.0524710189139,2.0
2021-04-16T03:20:03.845,995,70,LO,1,995.5,995.3805309734513,1.0
2021-04-16T03:20:09.492,994,1638,OC,1,995.0,994.0511600237953,2.0
2021-04-16T03:20:09.748,996,22,OC,-1,995.0,994.0265060240964,2.0
2021-04-16T03:20:09.985,995,24,LO,-1,994.5,994.0144404332129,1.0
2021-04-16T03:20:11.058,994,1659,LO,1,994.5,994.0142602495544,1.0
2021-04-16T03:20:11.364,995,24,MO,1,missing,missing,missing
2021-04-16T03:20:11.364,997,315,LO,-1,995.5,994.4787234042553,3.0
2021-04-16T03:20:11.364,997,28,MO,1,missing,missing,missing
2021-04-16T03:20:11.364,997,287,LO,-1,995.5,994.4424460431654,3.0
2021-04-16T03:20:11.364,997,40,MO,1,missing,missing,missing
2021-04-16T03:20:11.364,997,247,LO,-1,995.5,994.3887722980063,3.0
2021-04-16T03:20:18.166,998,26,OC,-1,996.0,994.0617210682493,4.0
2021-04-16T03:20:25.21,998,26,MO,1,missing,missing,missing
2021-04-16T03:20:25.21,999,244,LO,-1,996.5,994.6410930110352,5.0
2021-04-16T03:20:25.21,999,24,MO,1,missing,missing,missing
2021-04-16T03:20:25.21,999,220,LO,-1,996.5,994.5854177754125,5.0
2021-04-16T03:20:25.21,999,32,MO,1,missing,missing,missing
2021-04-16T03:20:25.21,999,188,LO,-1,996.5,994.5089334055225,5.0
2021-04-16T03:20:26.08,994,60,MO,-1,missing,missing,missing
2021-04-16T03:20:26.08,994,1599,LO,1,996.5,994.5260212646895,5.0
2021-04-16T03:20:29.076,999,98,MO,1,missing,missing,missing
2021-04-16T03:20:29.076,999,90,LO,-1,996.5,994.2664298401421,5.0
2021-04-16T03:20:29.883,998,78,LO,-1,996.0,994.1860465116279,4.0
2021-04-16T03:20:31.836,997,228,LO,-1,995.5,994.3743842364532,3.0
2021-04-16T03:20:32.696,994,77,MO,-1,missing,missing,missing
2021-04-16T03:20:32.696,994,1522,LO,1,995.5,994.3908571428572,3.0
2021-04-16T03:20:34.151,999,90,OC,-1,996.5,994.2791563275434,5.0
2021-04-16T03:20:35.699,998,69,LO,-1,996.0,994.1734758013828,4.0
2021-04-16T03:20:37.046,995,23,LO,1,996.5,997.25,3.0
2021-04-16T03:20:38.917,996,55,LO,1,997.0,997.1129032258065,2.0
2021-04-16T03:20:41.973,997,128,LO,-1,996.5,996.6994535519126,1.0
2021-04-16T03:20:42.166,995,23,OC,1,996.0,996.6953642384105,2.0
2021-04-16T03:20:43.377,996,20,LO,-1,995.5,995.4651162790698,1.0
2021-04-16T03:20:44.705,996,20,MO,1,missing,missing,missing
2021-04-16T03:20:44.705,997,128,LO,-1,996.0,996.6953642384105,2.0
2021-04-16T03:20:44.705,997,31,MO,1,missing,missing,missing
2021-04-16T03:20:44.705,997,97,LO,-1,996.0,996.6166666666667,2.0
2021-04-16T03:20:53.822,996,21,LO,1,996.5,996.8220338983051,1.0
2021-04-16T03:20:54.918,995,46,OC,1,996.0,996.3566433566433,2.0
2021-04-16T03:20:57.011,997,97,MO,1,missing,missing,missing
2021-04-16T03:20:57.011,998,169,LO,-1,996.5,997.3581395348838,3.0
2021-04-16T03:20:57.011,998,69,MO,1,missing,missing,missing
2021-04-16T03:20:57.011,998,100,LO,-1,996.5,997.054794520548,3.0
2021-04-16T03:20:57.011,998,75,MO,1,missing,missing,missing
2021-04-16T03:20:57.011,998,25,LO,-1,996.5,996.056338028169,3.0
2021-04-16T03:20:57.011,998,25,MO,1,missing,missing,missing
2021-04-16T03:20:57.011,missing,missing,LO,-1,missing,missing,missing
2021-04-16T03:21:00.796,996,271,LO,1,missing,missing,missing
2021-04-16T03:21:09.474,995,46,OC,1,missing,missing,missing
2021-04-16T03:21:11.354,995,23,MO,-1,missing,missing,missing
2021-04-16T03:21:11.354,995,23,LO,1,missing,missing,missing
2021-04-16T03:21:11.354,995,23,MO,-1,missing,missing,missing
2021-04-16T03:21:11.354,994,1487,LO,1,missing,missing,missing
2021-04-16T03:21:11.354,994,47,MO,-1,missing,missing,missing
2021-04-16T03:21:11.354,994,1440,LO,1,missing,missing,missing
2021-04-16T03:21:19.471,995,24,LO,1,missing,missing,missing
2021-04-16T03:21:20.307,994,1440,OC,1,missing,missing,missing
2021-04-16T03:21:20.605,1004,255,LO,-1,999.0,995.5044247787611,10.0
2021-04-16T03:21:21.1,missing,missing,OC,-1,missing,missing,missing
2021-04-16T03:21:23.258,999,43,LO,-1,996.5,994.1449763991908,5.0
2021-04-16T03:21:25.28,missing,missing,OC,-1,missing,missing,missing
2021-04-16T03:21:27.798,1003,81,LO,-1,998.5,994.4792899408284,9.0
2021-04-16T03:21:28.854,995,24,LO,1,999.0,1001.1714285714286,8.0
2021-04-16T03:21:29.059,1002,33,LO,-1,998.5,999.0526315789474,7.0
2021-04-16T03:21:29.745,1001,83,LO,-1,998.0,999.6542056074767,6.0
2021-04-16T03:21:30.183,996,54,LO,1,998.5,999.029197080292,5.0
2021-04-16T03:21:30.302,1002,33,OC,-1,999.0,998.2758620689655,6.0
2021-04-16T03:21:30.574,1002,33,MO,1,missing,missing,missing
2021-04-16T03:21:30.574,1003,81,LO,-1,999.5,1000.2,7.0
2021-04-16T03:21:30.574,1003,30,MO,1,missing,missing,missing
2021-04-16T03:21:30.574,1003,51,LO,-1,999.5,999.4,7.0
2021-04-16T03:21:33.691,995,24,OC,1,999.0,1000.44,8.0
2021-04-16T03:21:34.543,1003,51,MO,1,missing,missing,missing
2021-04-16T03:21:34.543,1004,20,LO,-1,999.5,999.0909090909091,9.0
2021-04-16T03:21:34.543,1004,20,MO,1,missing,missing,missing
2021-04-16T03:21:34.543,missing,missing,LO,-1,missing,missing,missing
2021-04-16T03:21:34.912,1004,20,LO,-1,999.5,999.0909090909091,9.0
2021-04-16T03:21:36.812,994,8100,OC,1,999.0,994.0246305418719,10.0
2021-04-16T03:21:36.838,994,8024,OC,1,999.0,994.0248632521134,10.0
2021-04-16T03:21:37.821,1005,51,OC,-1,999.5,994.0694736842105,11.0
2021-04-16T03:21:37.911,1005,51,MO,1,missing,missing,missing
2021-04-16T03:21:37.911,missing,missing,LO,-1,missing,missing,missing
2021-04-16T03:21:40.181,998,23,LO,-1,996.0,994.0114328321114,4.0
2021-04-16T03:21:42.395,997,413,LO,-1,995.5,994.1468531468531,3.0
2021-04-16T03:21:42.866,994,940,MO,-1,missing,missing,missing
2021-04-16T03:21:42.866,994,7084,LO,1,995.5,994.1652661064426,3.0
2021-04-16T03:21:42.866,994,366,MO,-1,missing,missing,missing
2021-04-16T03:21:42.866,994,6718,LO,1,995.5,994.1737484223812,3.0
2021-04-16T03:21:42.866,994,42,MO,-1,missing,missing,missing
2021-04-16T03:21:42.866,994,6676,LO,1,995.5,994.174777824799,3.0
2021-04-16T03:21:42.866,994,62,MO,-1,missing,missing,missing
2021-04-16T03:21:42.866,994,6614,LO,1,995.5,994.1763199089228,3.0
2021-04-16T03:21:42.866,994,30,MO,-1,missing,missing,missing
2021-04-16T03:21:42.866,994,6584,LO,1,995.5,994.177075889667,3.0
2021-04-16T03:21:42.866,994,361,MO,-1,missing,missing,missing
2021-04-16T03:21:42.866,994,6223,LO,1,995.5,994.1867088607595,3.0
2021-04-16T03:21:43.806,995,36,LO,1,996.0,996.8396436525612,2.0
2021-04-16T03:21:45.043,997,51,MO,1,missing,missing,missing
2021-04-16T03:21:45.043,997,362,LO,-1,996.0,996.8190954773869,2.0
2021-04-16T03:21:45.294,997,362,MO,1,missing,missing,missing
2021-04-16T03:21:45.294,998,105,LO,-1,996.5,997.2340425531914,3.0
2021-04-16T03:21:45.294,998,23,MO,1,missing,missing,missing
2021-04-16T03:21:45.294,998,82,LO,-1,996.5,997.0847457627119,3.0
2021-04-16T03:21:45.294,998,57,MO,1,missing,missing,missing
2021-04-16T03:21:45.294,998,25,LO,-1,996.5,996.2295081967213,3.0
2021-04-16T03:21:45.614,994,6223,OC,1,996.0,994.016005121639,4.0
2021-04-16T03:21:48.209,994,219,MO,-1,missing,missing,missing
2021-04-16T03:21:48.209,994,6004,LO,1,996.0,994.0165864985902,4.0
2021-04-16T03:21:48.77,995,48,LO,1,996.5,996.027397260274,3.0
2021-04-16T03:21:49.634,999,38,OC,-1,997.0,996.7674418604652,4.0
2021-04-16T03:21:50.135,995,48,MO,-1,missing,missing,missing
2021-04-16T03:21:50.135,994,6525,LO,1,996.5,994.0289501752247,5.0
2021-04-16T03:21:50.135,994,4,MO,-1,missing,missing,missing
2021-04-16T03:21:50.135,994,6521,LO,1,996.5,994.028967830462,5.0
2021-04-16T03:21:50.296,994,6000,OC,1,996.5,994.0314673733025,5.0
2021-04-16T03:21:50.691,994,388,MO,-1,missing,missing,missing
2021-04-16T03:21:50.691,994,5612,LO,1,996.5,994.0336283185841,5.0
2021-04-16T03:21:51.984,1000,24,OC,-1,997.0,994.0255500354862,6.0
2021-04-16T03:21:52.058,1000,24,MO,1,missing,missing,missing
2021-04-16T03:21:52.058,missing,missing,LO,-1,missing,missing,missing
2021-04-16T03:21:53.448,997,25,LO,-1,995.5,994.0133049494412,3.0
2021-04-16T03:21:53.631,995,72,LO,1,996.0,995.5154639175257,2.0
2021-04-16T03:21:54.304,996,31,LO,1,996.5,996.4464285714286,1.0
2021-04-16T03:21:57.066,996,66,LO,1,996.5,996.2747252747253,1.0
2021-04-16T03:21:57.912,997,339,LO,-1,996.5,996.837037037037,1.0
2021-04-16T03:21:57.953,997,314,OC,-1,996.5,996.8263157894737,1.0
2021-04-16T03:21:59.254,996,31,MO,-1,missing,missing,missing
2021-04-16T03:21:59.254,996,35,LO,1,996.5,996.8997134670487,1.0
2021-04-16T03:21:59.254,996,35,MO,-1,missing,missing,missing
2021-04-16T03:21:59.254,995,133,LO,1,996.0,996.4049217002237,2.0
2021-04-16T03:21:59.254,995,62,MO,-1,missing,missing,missing
2021-04-16T03:21:59.254,995,71,LO,1,996.0,996.6311688311688,2.0
2021-04-16T03:22:01.04,missing,missing,OC,-1,missing,missing,missing
2021-04-16T03:22:06.561,1001,663,LO,-1,998.0,1000.4196185286104,6.0
2021-04-16T03:22:10.148,1000,138,LO,-1,997.5,998.3014354066986,5.0
2021-04-16T03:22:11.292,996,25,LO,1,998.0,999.3865030674847,4.0
2021-04-16T03:22:11.892,1000,138,MO,1,missing,missing,missing
2021-04-16T03:22:11.892,missing,missing,LO,-1,missing,missing,missing
2021-04-16T03:22:17.6,999,47,LO,-1,997.5,997.9583333333334,3.0
2021-04-16T03:22:17.872,996,25,MO,-1,missing,missing,missing
2021-04-16T03:22:17.872,995,125,LO,1,997.0,996.0930232558139,4.0
2021-04-16T03:22:17.872,995,10,MO,-1,missing,missing,missing
2021-04-16T03:22:17.872,995,115,LO,1,997.0,996.1604938271605,4.0
2021-04-16T03:22:17.872,995,39,MO,-1,missing,missing,missing
2021-04-16T03:22:17.872,995,76,LO,1,997.0,996.5284552845528,4.0
2021-04-16T03:22:17.872,995,22,MO,-1,missing,missing,missing
2021-04-16T03:22:17.872,995,54,LO,1,997.0,996.8613861386139,4.0
2021-04-16T03:22:17.872,995,54,MO,-1,missing,missing,missing
2021-04-16T03:22:17.872,994,5612,LO,1,996.5,994.0415267715144,5.0
2021-04-16T03:22:17.872,994,23,MO,-1,missing,missing,missing
2021-04-16T03:22:17.872,994,5589,LO,1,996.5,994.041696238467,5.0
2021-04-16T03:22:18.706,994,133,MO,-1,missing,missing,missing
2021-04-16T03:22:18.706,994,5456,LO,1,996.5,994.0427039796475,5.0
2021-04-16T03:22:22.48,998,98,LO,-1,996.0,994.0705797623334,4.0
2021-04-16T03:22:23.041,997,24,LO,-1,995.5,994.0131386861314,3.0
2021-04-16T03:22:23.724,994,4328,MO,-1,missing,missing,missing
2021-04-16T03:22:23.724,994,1128,LO,1,995.5,994.0625,3.0
2021-04-16T03:22:23.909,998,98,OC,-1,996.0,994.3197389885808,4.0
2021-04-16T03:22:25.062,997,29,LO,-1,995.5,994.0751944684529,3.0
2021-04-16T03:22:26.405,998,98,OC,-1,996.0,994.3197389885808,4.0
2021-04-16T03:22:26.955,997,22,LO,-1,995.5,994.0573913043478,3.0
2021-04-16T03:22:27.635,993,54,OC,1,995.0,994.1578947368421,4.0
2021-04-16T03:22:27.904,994,48,LO,1,995.5,994.9428571428572,3.0
2021-04-16T03:22:29.206,997,22,MO,1,missing,missing,missing
2021-04-16T03:22:29.206,998,125,LO,-1,996.0,996.8901734104046,4.0
2021-04-16T03:22:29.206,998,98,MO,1,missing,missing,missing
2021-04-16T03:22:29.206,998,27,LO,-1,996.0,995.44,4.0
2021-04-16T03:22:29.206,998,27,MO,1,missing,missing,missing
2021-04-16T03:22:29.206,999,859,LO,-1,996.5,998.7353914002205,5.0
2021-04-16T03:22:29.206,999,1,MO,1,missing,missing,missing
2021-04-16T03:22:29.206,999,858,LO,-1,996.5,998.7350993377484,5.0
2021-04-16T03:22:30.899,994,48,MO,-1,missing,missing,missing
2021-04-16T03:22:30.899,993,54,LO,1,996.0,998.6447368421053,6.0
2021-04-16T03:22:30.9,993,23,MO,-1,missing,missing,missing
2021-04-16T03:22:30.9,993,31,LO,1,996.0,998.7907761529809,6.0
2021-04-16T03:23:13.735,998,183,LO,-1,995.5,997.2757009345794,5.0
2021-04-16T03:23:22.193,missing,missing,OC,1,missing,missing,missing
2021-04-16T03:23:29.221,997,531,LO,-1,missing,missing,missing
2021-04-16T03:23:29.319,988,48,LO,1,992.5,996.2538860103627,9.0
2021-04-16T03:23:33.772,988,48,MO,-1,missing,missing,missing
2021-04-16T03:23:33.772,missing,missing,LO,1,missing,missing,missing
2021-04-16T03:23:38.999,998,537,OC,-1,missing,missing,missing
2021-04-16T03:23:39.303,998,133,MO,1,missing,missing,missing
2021-04-16T03:23:39.303,998,404,LO,-1,missing,missing,missing
2021-04-16T03:23:39.399,998,140,OC,-1,missing,missing,missing
2021-04-16T03:23:44.261,998,90,OC,-1,missing,missing,missing
2021-04-16T03:23:57.322,997,60,LO,-1,missing,missing,missing
2021-04-16T03:23:58.633,998,90,OC,-1,missing,missing,missing
2021-04-16T03:24:00.033,998,70,MO,1,missing,missing,missing
2021-04-16T03:24:00.033,998,20,LO,-1,missing,missing,missing
2021-04-16T03:24:17.26,994,54,LO,1,996.0,995.081081081081,4.0
2021-04-16T03:24:21.244,997,92,LO,-1,995.5,995.8904109589041,3.0
2021-04-16T03:24:21.629,995,33,LO,1,996.0,996.472,2.0
2021-04-16T03:24:22.032,994,54,OC,1,995.5,995.8904109589041,3.0
2021-04-16T03:24:31.623,998,20,OC,-1,996.0,995.081081081081,4.0
2021-04-16T03:24:31.632,997,62,LO,-1,995.5,995.6034482758621,3.0
2021-04-16T03:24:33.63,996,28,LO,-1,995.0,994.6829268292682,2.0
2021-04-16T03:24:35.279,997,62,OC,-1,995.5,995.6034482758621,3.0
2021-04-16T03:24:36.315,996,35,LO,-1,995.0,994.7865168539325,2.0
2021-04-16T03:24:36.906,993,1407,OC,1,994.5,993.0728155339806,3.0
2021-04-16T03:24:38.082,996,35,MO,1,missing,missing,missing
2021-04-16T03:24:38.082,998,20,LO,-1,995.5,993.0700770847933,5.0
2021-04-16T03:24:38.083,998,20,MO,1,missing,missing,missing
2021-04-16T03:24:38.083,999,46,LO,-1,996.0,993.1899518238127,6.0
2021-04-16T03:24:38.083,999,46,MO,1,missing,missing,missing
2021-04-16T03:24:38.083,1000,160,LO,-1,996.5,993.7147415443523,7.0
2021-04-16T03:24:38.083,1000,21,MO,1,missing,missing,missing
2021-04-16T03:24:38.083,1000,139,LO,-1,996.5,993.6293661060802,7.0
2021-04-16T03:24:40.491,993,1387,OC,1,996.5,993.6376146788991,7.0
2021-04-16T03:24:44.404,994,91,LO,1,997.0,997.6260869565217,6.0
2021-04-16T03:24:46.467,994,91,MO,-1,missing,missing,missing
2021-04-16T03:24:46.467,993,1387,LO,1,996.5,993.6376146788991,7.0
2021-04-16T03:24:46.467,993,22,MO,-1,missing,missing,missing
2021-04-16T03:24:46.467,993,1365,LO,1,996.5,993.6469414893617,7.0
2021-04-16T03:24:46.467,993,11,MO,-1,missing,missing,missing
2021-04-16T03:24:46.467,993,1354,LO,1,996.5,993.6517079705292,7.0
2021-04-16T03:24:51.477,missing,missing,OC,1,missing,missing,missing
2021-04-16T03:24:53.154,999,29,LO,-1,missing,missing,missing
2021-04-16T03:24:55.633,999,29,MO,1,missing,missing,missing
2021-04-16T03:24:55.633,1000,139,LO,-1,missing,missing,missing
2021-04-16T03:24:55.633,1000,139,MO,1,missing,missing,missing
2021-04-16T03:24:55.633,1001,193,LO,-1,missing,missing,missing
2021-04-16T03:24:55.633,1001,53,MO,1,missing,missing,missing
2021-04-16T03:24:55.633,1001,140,LO,-1,missing,missing,missing
2021-04-16T03:24:55.633,1001,27,MO,1,missing,missing,missing
2021-04-16T03:24:55.633,1001,113,LO,-1,missing,missing,missing
2021-04-16T03:24:55.633,1001,31,MO,1,missing,missing,missing
2021-04-16T03:24:55.633,1001,82,LO,-1,missing,missing,missing
2021-04-16T03:24:55.633,1001,82,MO,1,missing,missing,missing
2021-04-16T03:24:55.633,missing,missing,LO,-1,missing,missing,missing
2021-04-16T03:24:56.435,996,33,LO,1,missing,missing,missing
2021-04-16T03:24:56.853,1005,34,LO,-1,1000.5,1000.5671641791045,9.0
2021-04-16T03:24:56.956,1004,175,LO,-1,1000.0,1002.7307692307693,8.0
2021-04-16T03:24:57.015,missing,missing,OC,1,missing,missing,missing
2021-04-16T03:24:58.545,997,25,LO,1,1000.5,1003.125,7.0
2021-04-16T03:24:58.93,1003,89,LO,-1,1000.0,1001.6842105263158,6.0
2021-04-16T03:25:02.044,996,61,OC,1,999.5,1000.1533333333333,7.0
2021-04-16T03:25:05.853,missing,missing,OC,1,missing,missing,missing
2021-04-16T03:25:11.39,1002,48,LO,1,1002.5,1002.6496350364963,1.0
2021-04-16T03:25:12.055,1002,86,LO,1,1002.5,1002.5085714285714,1.0
2021-04-16T03:25:19.624,1003,132,LO,-1,1002.5,1002.605504587156,1.0
2021-04-16T03:25:19.918,1003,159,LO,-1,1002.5,1002.6489795918367,1.0
2021-04-16T03:25:20.355,1003,406,LO,-1,1002.5,1002.8252032520326,1.0
2021-04-16T03:25:21.93,1002,135,LO,1,1002.5,1002.7504621072088,1.0
2021-04-16T03:25:23.436,1003,317,OC,-1,1002.5,1002.7013274336283,1.0
2021-04-16T03:25:24.142,1002,48,MO,-1,missing,missing,missing
2021-04-16T03:25:24.142,1002,87,LO,1,1002.5,1002.7846534653465,1.0
2021-04-16T03:25:24.142,1002,8,MO,-1,missing,missing,missing
2021-04-16T03:25:24.142,1002,79,LO,1,1002.5,1002.8005050505051,1.0
2021-04-16T03:25:25.354,1002,30,MO,-1,missing,missing,missing
2021-04-16T03:25:25.354,1002,49,LO,1,1002.5,1002.8661202185792,1.0
2021-04-16T03:25:25.354,1002,32,MO,-1,missing,missing,missing
2021-04-16T03:25:25.354,1002,17,LO,1,1002.5,1002.9491017964071,1.0
2021-04-16T03:25:26.103,1002,17,MO,-1,missing,missing,missing
2021-04-16T03:25:26.103,1001,55,LO,1,1002.0,1002.7043010752689,2.0
2021-04-16T03:25:26.103,1001,33,MO,-1,missing,missing,missing
2021-04-16T03:25:26.103,1001,22,LO,1,1002.0,1002.8702064896755,2.0
2021-04-16T03:25:26.103,1001,15,MO,-1,missing,missing,missing
2021-04-16T03:25:26.103,1001,7,LO,1,1002.0,1002.9567901234568,2.0
2021-04-16T03:25:26.717,1002,89,LO,1,1002.5,1002.7807881773399,1.0
2021-04-16T03:25:45.619,1003,290,OC,-1,1002.5,1002.7651715039577,1.0
2021-04-16T03:25:46.026,1002,54,MO,-1,missing,missing,missing
2021-04-16T03:25:46.026,1002,35,LO,1,1002.5,1002.8923076923077,1.0
2021-04-16T03:25:46.887,1003,338,LO,-1,1002.5,1002.9061662198392,1.0
2021-04-16T03:25:50.163,1001,7,OC,1,1002.0,1002.9594202898551,2.0
2021-04-16T03:25:54.811,1002,63,LO,-1,1001.5,1001.9,1.0
2021-04-16T03:25:55.258,1002,103,LO,-1,1001.5,1001.9363636363636,1.0
2021-04-16T03:25:55.603,1002,170,LO,-1,1001.5,1001.9604519774011,1.0
2021-04-16T03:25:55.789,1002,63,MO,1,missing,missing,missing
2021-04-16T03:25:55.789,1002,107,LO,-1,1001.5,1001.938596491228,1.0
2021-04-16T03:25:55.789,1002,40,MO,1,missing,missing,missing
2021-04-16T03:25:55.789,1002,67,LO,-1,1001.5,1001.9054054054054,1.0
2021-04-16T03:25:55.789,1002,67,MO,1,missing,missing,missing
2021-04-16T03:25:55.789,1003,338,LO,-1,1002.0,1002.9594202898551,2.0
2021-04-16T03:25:55.789,1003,43,MO,1,missing,missing,missing
2021-04-16T03:25:55.789,1003,295,LO,-1,1002.0,1002.9536423841059,2.0
2021-04-16T03:25:55.789,1003,247,MO,1,missing,missing,missing
2021-04-16T03:25:55.789,1003,48,LO,-1,1002.0,1002.7454545454545,2.0
2021-04-16T03:25:55.789,1003,48,MO,1,missing,missing,missing
2021-04-16T03:25:55.789,1004,51,LO,-1,1002.5,1003.6379310344828,3.0
2021-04-16T03:25:55.789,1004,51,MO,1,missing,missing,missing
2021-04-16T03:25:55.789,missing,missing,LO,-1,missing,missing,missing
2021-04-16T03:25:56.568,1007,567,LO,-1,1004.0,1006.9268292682926,6.0
2021-04-16T03:25:58.824,1002,32,LO,1,1004.5,1006.7328881469115,5.0
2021-04-16T03:25:59.725,1002,32,MO,-1,missing,missing,missing
2021-04-16T03:25:59.725,1001,7,LO,1,1004.0,1006.9268292682926,6.0
2021-04-16T03:25:59.725,1001,7,MO,-1,missing,missing,missing
2021-04-16T03:25:59.725,missing,missing,LO,1,missing,missing,missing
2021-04-16T03:26:00.358,missing,missing,OC,-1,missing,missing,missing
2021-04-16T03:26:01.067,1005,618,LO,-1,missing,missing,missing
2021-04-16T03:26:06.356,1004,40,LO,-1,missing,missing,missing
2021-04-16T03:26:07.271,1003,53,LO,1,1003.5,1003.4301075268817,1.0
2021-04-16T03:26:10.05,1004,113,LO,-1,1003.5,1003.6807228915662,1.0
2021-04-16T03:26:10.739,1004,40,OC,-1,1003.5,1003.4301075268817,1.0
2021-04-16T03:26:11.277,1003,82,LO,1,1003.5,1003.327868852459,1.0
2021-04-16T03:26:11.368,1005,109,OC,-1,1004.0,1004.1413612565445,2.0
2021-04-16T03:26:14.657,1005,43,MO,1,missing,missing,missing
2021-04-16T03:26:14.657,1005,66,LO,-1,1004.0,1003.8918918918919,2.0
2021-04-16T03:26:14.657,1005,66,MO,1,missing,missing,missing
2021-04-16T03:26:14.657,1006,96,LO,-1,1004.5,1004.6179775280899,3.0
2021-04-16T03:26:14.657,1006,25,MO,1,missing,missing,missing
2021-04-16T03:26:14.657,1006,71,LO,-1,1004.5,1004.3921568627451,3.0
2021-04-16T03:26:14.657,1006,48,MO,1,missing,missing,missing
2021-04-16T03:26:14.657,1006,23,LO,-1,1004.5,1003.6571428571428,3.0
2021-04-16T03:26:14.657,1006,12,MO,1,missing,missing,missing
2021-04-16T03:26:14.657,1006,11,LO,-1,1004.5,1003.3548387096774,3.0
2021-04-16T03:26:26.445,1007,136,OC,-1,1005.0,1005.4954128440367,4.0
2021-04-16T03:26:27.204,missing,missing,OC,-1,missing,missing,missing
2021-04-16T03:26:29.383,1004,25,LO,1,missing,missing,missing
2021-04-16T03:26:30.188,1007,39,LO,-1,1005.5,1005.828125,3.0
2021-04-16T03:26:30.941,1003,1573,OC,1,1005.0,1003.0967741935484,4.0
2021-04-16T03:26:31.496,1006,74,LO,-1,1004.5,1003.1347905282331,3.0
2021-04-16T03:26:37.014,1003,1544,OC,1,1004.5,1003.1372064276885,3.0
2021-04-16T03:26:37.733,1003,1491,OC,1,1004.5,1003.1418530351438,3.0
2021-04-16T03:26:42.829,1005,92,LO,-1,1004.0,1003.1162349968414,2.0
2021-04-16T03:26:50.79,1005,76,MO,1,missing,missing,missing
2021-04-16T03:26:50.79,1005,16,LO,-1,1004.0,1003.0212342402124,2.0
2021-04-16T03:26:51.877,1004,64,LO,1,1004.5,1004.2,1.0
2021-04-16T03:27:17.712,1005,16,MO,1,missing,missing,missing
2021-04-16T03:27:17.712,1006,60,LO,-1,1005.0,1004.9677419354839,2.0
2021-04-16T03:27:17.712,1006,60,MO,1,missing,missing,missing
2021-04-16T03:27:17.712,1007,39,LO,-1,1005.5,1005.1359223300971,3.0
2021-04-16T03:27:17.712,1007,39,MO,1,missing,missing,missing
2021-04-16T03:27:17.712,missing,missing,LO,-1,missing,missing,missing
2021-04-16T03:27:22.207,1003,1524,OC,1,missing,missing,missing
2021-04-16T03:27:27.375,1004,25,LO,-1,1003.5,1003.0161394448031,1.0
2021-04-16T03:27:28.012,1004,47,LO,-1,1003.5,1003.0299172501591,1.0
2021-04-16T03:27:28.051,1004,22,OC,-1,1003.5,1003.0142302716688,1.0
2021-04-16T03:27:29.294,1003,128,MO,-1,missing,missing,missing
2021-04-16T03:27:29.294,1003,1396,LO,1,1003.5,1003.015514809591,1.0
2021-04-16T03:27:29.316,1003,1363,OC,1,1003.5,1003.0158844765343,1.0
2021-04-16T03:27:29.93,1002,124,OC,1,1003.0,1002.3013698630137,2.0
2021-04-16T03:27:32.978,1004,22,MO,1,missing,missing,missing
2021-04-16T03:27:32.978,missing,missing,LO,-1,missing,missing,missing
2021-04-16T03:27:33.212,1002,99,OC,1,missing,missing,missing
2021-04-16T03:27:34.017,1003,138,LO,1,missing,missing,missing
2021-04-16T03:27:34.023,1002,99,OC,1,missing,missing,missing
2021-04-16T03:27:34.317,1012,25,LO,-1,1007.0,1004.016129032258,10.0
2021-04-16T03:27:34.719,1003,56,LO,1,1007.5,1005.7777777777778,9.0
2021-04-16T03:27:35.088,1002,99,OC,1,1007.0,1004.016129032258,10.0
2021-04-16T03:27:35.145,1012,25,MO,1,missing,missing,missing
2021-04-16T03:27:35.145,missing,missing,LO,-1,missing,missing,missing
2021-04-16T03:27:36.024,1004,36,LO,-1,1003.0,1002.5333333333333,2.0
2021-04-16T03:27:36.268,1002,27,OC,1,1003.0,1003.1428571428571,2.0
2021-04-16T03:27:36.819,1003,40,LO,-1,1002.5,1002.5970149253732,1.0
2021-04-16T03:27:38.097,1002,50,LO,1,1002.5,1002.4444444444445,1.0
2021-04-16T03:27:38.632,1002,27,OC,1,1002.5,1002.5970149253732,1.0
2021-04-16T03:27:39.094,1003,94,LO,-1,1002.5,1002.7768595041322,1.0
2021-04-16T03:27:40.931,1002,27,MO,-1,missing,missing,missing
2021-04-16T03:27:40.931,1001,33,LO,1,1002.0,1002.4803149606299,2.0
2021-04-16T03:27:40.931,1001,33,MO,-1,missing,missing,missing
2021-04-16T03:27:40.931,missing,missing,LO,1,missing,missing,missing
2021-04-16T03:27:41.477,999,24,LO,1,1001.0,1002.1864406779661,4.0
2021-04-16T03:27:42.811,missing,missing,OC,1,missing,missing,missing
2021-04-16T03:27:44.526,1003,54,OC,-1,missing,missing,missing
2021-04-16T03:27:45.432,993,157,LO,1,998.0,995.5592417061612,10.0
2021-04-16T03:27:47.372,1003,54,MO,1,missing,missing,missing
2021-04-16T03:27:47.372,1004,152,LO,-1,998.5,998.411003236246,11.0
2021-04-16T03:27:47.372,1004,36,MO,1,missing,missing,missing
2021-04-16T03:27:47.372,1004,116,LO,-1,998.5,997.6739926739926,11.0
2021-04-16T03:27:47.372,1004,47,MO,1,missing,missing,missing
2021-04-16T03:27:47.372,1004,69,LO,-1,998.5,996.358407079646,11.0
2021-04-16T03:27:47.372,1004,27,MO,1,missing,missing,missing
2021-04-16T03:27:47.372,1004,42,LO,-1,998.5,995.321608040201,11.0
2021-04-16T03:27:47.866,missing,missing,OC,1,missing,missing,missing
2021-04-16T03:27:48.136,1002,29,LO,1,1003.0,1003.1830985915493,2.0
2021-04-16T03:27:48.186,1004,42,MO,1,missing,missing,missing
2021-04-16T03:27:48.186,missing,missing,LO,-1,missing,missing,missing
2021-04-16T03:27:49.548,1007,34,LO,-1,1004.5,1004.6984126984127,5.0
2021-04-16T03:27:49.66,1003,61,LO,1,1005.0,1004.4315789473684,4.0
2021-04-16T03:27:51.358,1006,55,LO,-1,1004.5,1004.4224137931035,3.0
2021-04-16T03:27:52.102,1007,34,OC,-1,1005.0,1004.4315789473684,4.0
2021-04-16T03:27:52.156,missing,missing,OC,-1,missing,missing,missing
2021-04-16T03:27:52.517,1003,61,MO,-1,missing,missing,missing
2021-04-16T03:27:52.517,1002,29,LO,1,missing,missing,missing
2021-04-16T03:27:52.517,1002,13,MO,-1,missing,missing,missing
2021-04-16T03:27:52.517,1002,16,LO,1,missing,missing,missing
2021-04-16T03:27:52.949,missing,missing,OC,1,missing,missing,missing
2021-04-16T03:27:54.158,1009,43,LO,-1,missing,missing,missing
2021-04-16T03:27:54.467,1009,43,MO,1,missing,missing,missing
2021-04-16T03:27:54.467,missing,missing,LO,-1,missing,missing,missing
2021-04-16T03:27:55.621,1012,24,LO,-1,missing,missing,missing
2021-04-16T03:27:56.575,1011,83,LO,-1,missing,missing,missing
2021-04-16T03:27:58.211,1001,38,LO,1,1006.0,1007.8595041322315,10.0
2021-04-16T03:27:58.324,1012,86,OC,-1,1006.5,1008.6290322580645,11.0
2021-04-16T03:27:59.328,1001,38,MO,-1,missing,missing,missing
2021-04-16T03:27:59.328,missing,missing,LO,1,missing,missing,missing
2021-04-16T03:28:02.755,1011,37,LO,-1,missing,missing,missing
2021-04-16T03:28:03.765,1002,38,LO,1,1006.5,1006.44,9.0
2021-04-16T03:28:04.717,1003,35,LO,1,1007.0,1007.1111111111111,8.0
2021-04-16T03:28:04.812,1011,37,MO,1,missing,missing,missing
2021-04-16T03:28:04.812,1012,113,LO,-1,1007.5,1009.8716216216217,9.0
2021-04-16T03:28:04.812,1012,24,MO,1,missing,missing,missing
2021-04-16T03:28:04.812,1012,89,LO,-1,1007.5,1009.4596774193549,9.0
2021-04-16T03:28:04.812,1012,40,MO,1,missing,missing,missing
2021-04-16T03:28:04.812,1012,49,LO,-1,1007.5,1008.25,9.0
2021-04-16T03:28:06.845,1004,66,LO,1,1008.0,1007.408695652174,8.0
2021-04-16T03:28:13.136,1011,186,LO,-1,1007.5,1009.1666666666666,7.0
2021-04-16T03:28:16.102,1005,22,LO,1,1008.0,1010.3653846153846,6.0
2021-04-16T03:28:27.07,1010,35,LO,-1,1007.5,1008.0701754385965,5.0
2021-04-16T03:28:32.461,1011,186,OC,-1,1008.0,1010.3653846153846,6.0
2021-04-16T03:28:37.149,1005,22,MO,-1,missing,missing,missing
2021-04-16T03:28:37.149,1004,66,LO,1,1007.5,1009.1666666666666,7.0
2021-04-16T03:28:37.149,1004,39,MO,-1,missing,missing,missing
2021-04-16T03:28:37.149,1004,27,LO,1,1007.5,1010.112676056338,7.0
2021-04-16T03:28:40.113,1003,67,OC,1,1007.0,1008.8814229249011,8.0
2021-04-16T03:28:40.219,1004,542,LO,1,1007.5,1005.7884615384615,7.0
2021-04-16T03:28:40.71,1010,64,LO,-1,1007.0,1004.6336633663366,6.0
2021-04-16T03:28:40.717,1010,64,MO,1,missing,missing,missing
2021-04-16T03:28:40.717,1011,186,LO,-1,1007.5,1005.7884615384615,7.0
2021-04-16T03:28:40.717,1011,186,MO,1,missing,missing,missing
2021-04-16T03:28:40.717,1012,51,LO,-1,1008.0,1004.6880269814502,8.0
2021-04-16T03:28:40.717,1012,27,MO,1,missing,missing,missing
2021-04-16T03:28:40.717,1012,24,LO,-1,1008.0,1004.339222614841,8.0
2021-04-16T03:28:40.717,1012,24,MO,1,missing,missing,missing
2021-04-16T03:28:40.717,missing,missing,LO,-1,missing,missing,missing
2021-04-16T03:28:45.415,1003,67,OC,1,missing,missing,missing
2021-04-16T03:28:51.946,1004,58,LO,1,missing,missing,missing
2021-04-16T03:29:09.61,1004,58,MO,-1,missing,missing,missing
2021-04-16T03:29:09.61,1003,113,LO,1,missing,missing,missing
2021-04-16T03:29:09.611,1003,32,MO,-1,missing,missing,missing
2021-04-16T03:29:09.611,1003,81,LO,1,missing,missing,missing
2021-04-16T03:29:09.611,1003,35,MO,-1,missing,missing,missing
2021-04-16T03:29:09.611,1003,46,LO,1,missing,missing,missing
2021-04-16T03:29:09.611,1003,21,MO,-1,missing,missing,missing
2021-04-16T03:29:09.611,1003,25,LO,1,missing,missing,missing
2021-04-16T03:29:09.611,1003,25,MO,-1,missing,missing,missing
2021-04-16T03:29:09.611,1002,41,LO,1,missing,missing,missing
2021-04-16T03:29:09.611,1002,41,MO,-1,missing,missing,missing
2021-04-16T03:29:09.611,missing,missing,LO,1,missing,missing,missing
2021-04-16T03:29:12.836,1008,27,LO,-1,missing,missing,missing
2021-04-16T03:29:16.395,1007,96,LO,-1,missing,missing,missing
2021-04-16T03:29:16.854,1008,27,OC,-1,missing,missing,missing
2021-04-16T03:29:26.111,999,25,LO,1,1003.5,1003.6730769230769,9.0
2021-04-16T03:29:26.131,missing,missing,OC,-1,missing,missing,missing
2021-04-16T03:29:28.236,1004,23,LO,-1,1001.5,1001.3958333333334,5.0
2021-04-16T03:29:28.672,1000,149,LO,1,1002.0,1000.5348837209302,4.0
2021-04-16T03:29:29.267,1001,24,LO,1,1002.5,1002.468085106383,3.0
2021-04-16T03:29:30.213,1002,219,LO,1,1003.0,1002.1900826446281,2.0
2021-04-16T03:29:32.9,1004,23,MO,1,missing,missing,missing
2021-04-16T03:29:32.9,1005,208,LO,-1,1003.5,1003.4613583138173,3.0
2021-04-16T03:29:32.9,1005,75,MO,1,missing,missing,missing
2021-04-16T03:29:32.9,1005,133,LO,-1,1003.5,1003.1335227272727,3.0
2021-04-16T03:29:34.381,1003,38,LO,1,1004.0,1004.5555555555555,2.0
2021-04-16T03:29:46.032,1005,61,MO,1,missing,missing,missing
2021-04-16T03:29:46.032,1005,72,LO,-1,1004.0,1004.3090909090909,2.0
2021-04-16T03:29:49.796,1002,266,OC,1,1003.5,1002.6390532544378,3.0
2021-04-16T03:29:50.042,1002,78,MO,-1,missing,missing,missing
2021-04-16T03:29:50.042,1002,188,LO,1,1003.5,1002.8307692307692,3.0
2021-04-16T03:29:51.231,1004,30,LO,-1,1003.0,1002.2752293577981,2.0
2021-04-16T03:29:51.327,1002,163,OC,1,1003.0,1002.3108808290156,2.0
2021-04-16T03:29:53.86,1002,22,OC,1,1003.0,1003.1538461538462,2.0
2021-04-16T03:29:54.633,1005,94,OC,-1,1003.5,1004.4310344827586,3.0
2021-04-16T03:30:00.26,1003,43,LO,1,1004.0,1004.3722627737226,2.0
2021-04-16T03:30:08.316,1003,43,MO,-1,missing,missing,missing
2021-04-16T03:30:08.316,1002,941,LO,1,1003.5,1002.2724637681159,3.0
2021-04-16T03:30:08.316,1002,22,MO,-1,missing,missing,missing
2021-04-16T03:30:08.316,1002,919,LO,1,1003.5,1002.2783810463968,3.0
2021-04-16T03:30:08.316,1002,14,MO,-1,missing,missing,missing
2021-04-16T03:30:08.316,1002,905,LO,1,1003.5,1002.2822822822823,3.0
2021-04-16T03:30:09.632,1003,22,LO,1,1004.0,1004.6206896551724,2.0
2021-04-16T03:30:12.814,1004,234,LO,1,1004.5,1004.2865853658536,1.0
2021-04-16T03:30:14.16,1004,256,LO,1,1004.5,1004.2685714285715,1.0
2021-04-16T03:30:15.519,1004,22,OC,1,1004.5,1004.8103448275862,1.0
2021-04-16T03:30:15.662,1004,22,MO,-1,missing,missing,missing
2021-04-16T03:30:15.662,1003,22,LO,1,1004.0,1004.6206896551724,2.0
2021-04-16T03:30:15.662,1003,22,MO,-1,missing,missing,missing
2021-04-16T03:30:15.662,1002,29,LO,1,1003.5,1004.2926829268292,3.0
2021-04-16T03:30:15.662,1002,29,MO,-1,missing,missing,missing
2021-04-16T03:30:15.662,1001,43,LO,1,1003.0,1003.7445255474453,4.0
2021-04-16T03:30:15.662,1001,43,MO,-1,missing,missing,missing
2021-04-16T03:30:15.662,1000,149,LO,1,1002.5,1001.9341563786008,5.0
2021-04-16T03:30:15.662,1000,88,MO,-1,missing,missing,missing
2021-04-16T03:30:15.662,1000,61,LO,1,1002.5,1003.0322580645161,5.0
2021-04-16T03:30:16.593,1001,132,LO,1,1003.0,1002.6637168141593,4.0
2021-04-16T03:30:25.694,1004,21,LO,-1,1002.5,1001.4117647058823,3.0
2021-04-16T03:30:30.871,1005,94,OC,-1,1003.0,1002.6637168141593,4.0
2021-04-16T03:30:50.708,1004,52,LO,-1,1002.5,1001.8478260869565,3.0
2021-04-16T03:30:52.384,1002,81,LO,1,1003.0,1002.781954887218,2.0
2021-04-16T03:30:52.57,1003,23,LO,1,1003.5,1003.6933333333334,1.0
2021-04-16T03:30:54.118,1003,48,LO,1,1003.5,1003.52,1.0
2021-04-16T03:30:59.045,1004,52,MO,1,missing,missing,missing
2021-04-16T03:30:59.045,1005,94,LO,-1,1004.0,1004.3239436619718,2.0
2021-04-16T03:30:59.045,1005,9,MO,1,missing,missing,missing
2021-04-16T03:30:59.045,1005,85,LO,-1,1004.0,1004.2781954887218,2.0
2021-04-16T03:30:59.045,1005,44,MO,1,missing,missing,missing
2021-04-16T03:30:59.045,1005,41,LO,-1,1004.0,1003.9213483146067,2.0
2021-04-16T03:30:59.81,1004,34,LO,1,1004.5,1004.5466666666666,1.0
2021-04-16T03:31:02.483,1004,34,MO,-1,missing,missing,missing
2021-04-16T03:31:02.483,1003,48,LO,1,1004.0,1003.9213483146067,2.0
2021-04-16T03:31:02.483,1003,19,MO,-1,missing,missing,missing
2021-04-16T03:31:02.483,1003,29,LO,1,1004.0,1004.1714285714286,2.0
2021-04-16T03:31:02.51,1005,19,MO,1,missing,missing,missing
2021-04-16T03:31:02.51,1005,22,LO,-1,1004.0,1003.8627450980392,2.0
2021-04-16T03:31:02.511,1005,22,MO,1,missing,missing,missing
2021-04-16T03:31:02.511,1006,74,LO,-1,1004.5,1005.1553398058253,3.0
2021-04-16T03:31:02.511,1006,35,MO,1,missing,missing,missing
2021-04-16T03:31:02.511,1006,39,LO,-1,1004.5,1004.7205882352941,3.0
2021-04-16T03:31:02.511,1006,39,MO,1,missing,missing,missing
2021-04-16T03:31:02.511,missing,missing,LO,-1,missing,missing,missing
2021-04-16T03:31:05.871,1003,4,MO,-1,missing,missing,missing
2021-04-16T03:31:05.871,1003,25,LO,1,missing,missing,missing
2021-04-16T03:31:05.872,1003,25,MO,-1,missing,missing,missing
2021-04-16T03:31:05.872,1002,153,LO,1,missing,missing,missing
2021-04-16T03:31:05.872,1002,81,MO,-1,missing,missing,missing
2021-04-16T03:31:05.872,1002,72,LO,1,missing,missing,missing
2021-04-16T03:31:05.872,1002,72,MO,-1,missing,missing,missing
2021-04-16T03:31:05.872,1001,132,LO,1,missing,missing,missing
2021-04-16T03:31:05.872,1001,132,MO,-1,missing,missing,missing
2021-04-16T03:31:05.872,1000,124,LO,1,missing,missing,missing
2021-04-16T03:31:05.872,1000,61,MO,-1,missing,missing,missing
2021-04-16T03:31:05.872,1000,63,LO,1,missing,missing,missing
2021-04-16T03:31:05.872,1000,63,MO,-1,missing,missing,missing
2021-04-16T03:31:05.872,999,25,LO,1,missing,missing,missing
2021-04-16T03:31:05.872,999,25,MO,-1,missing,missing,missing
2021-04-16T03:31:05.872,missing,missing,LO,1,missing,missing,missing
2021-04-16T03:31:06.283,1009,24,LO,-1,missing,missing,missing
2021-04-16T03:31:06.848,1008,280,LO,1,1008.5,1008.078947368421,1.0
2021-04-16T03:31:07.274,1009,75,LO,-1,1008.5,1008.2112676056338,1.0
2021-04-16T03:31:08.132,1009,110,LO,-1,1008.5,1008.2820512820513,1.0
2021-04-16T03:31:08.23,1009,75,OC,-1,1008.5,1008.2112676056338,1.0
2021-04-16T03:31:09.106,1009,24,MO,1,missing,missing,missing
2021-04-16T03:31:09.106,1009,51,LO,-1,1008.5,1008.1540785498489,1.0
2021-04-16T03:31:09.106,1009,30,MO,1,missing,missing,missing
2021-04-16T03:31:09.106,1009,21,LO,-1,1008.5,1008.0697674418604,1.0
2021-04-16T03:31:15.287,1008,280,MO,-1,missing,missing,missing
2021-04-16T03:31:15.287,missing,missing,LO,1,missing,missing,missing
2021-04-16T03:31:16.239,missing,missing,OC,-1,missing,missing,missing
2021-04-16T03:31:27.044,1014,21,LO,-1,missing,missing,missing
2021-04-16T03:31:31.201,missing,missing,OC,-1,missing,missing,missing
2021-04-16T03:31:32.71,1013,22,LO,-1,missing,missing,missing
2021-04-16T03:31:37.066,1005,53,LO,1,1009.0,1007.3466666666667,8.0
2021-04-16T03:31:37.983,1012,4091,LO,-1,1008.5,1011.910472972973,7.0
2021-04-16T03:31:43.474,1005,53,MO,-1,missing,missing,missing
2021-04-16T03:31:43.474,1004,337,LO,1,1008.0,1011.3911472448058,8.0
2021-04-16T03:31:43.474,1004,29,MO,-1,missing,missing,missing
2021-04-16T03:31:43.474,1004,308,LO,1,1008.0,1011.4398726983405,8.0
2021-04-16T03:31:43.474,1004,308,MO,-1,missing,missing,missing
2021-04-16T03:31:43.474,missing,missing,LO,1,missing,missing,missing
2021-04-16T03:31:45.413,1013,6742,OC,-1,missing,missing,missing
2021-04-16T03:31:45.491,1013,22,MO,1,missing,missing,missing
2021-04-16T03:31:45.491,1013,6720,LO,-1,missing,missing,missing
2021-04-16T03:31:45.491,1013,37,MO,1,missing,missing,missing
2021-04-16T03:31:45.491,1013,6683,LO,-1,missing,missing,missing
2021-04-16T03:31:47.393,1012,102,LO,-1,missing,missing,missing
2021-04-16T03:31:47.898,1011,35,LO,-1,missing,missing,missing
2021-04-16T03:31:49.201,1004,30,LO,1,1007.5,1007.7692307692307,7.0
2021-04-16T03:31:51.204,1005,44,LO,1,1008.0,1007.6582278481013,6.0
2021-04-16T03:31:57.943,1012,61,OC,-1,1008.5,1009.0666666666667,7.0
2021-04-16T03:31:58.205,1006,25,LO,1,1009.0,1010.2558139534884,6.0
2021-04-16T03:32:01.881,missing,missing,OC,1,missing,missing,missing
2021-04-16T03:32:02.19,1010,59,LO,1,1011.0,1011.0166666666667,2.0
2021-04-16T03:32:02.28,1011,24,LO,-1,1010.5,1010.289156626506,1.0
2021-04-16T03:32:04.17,1010,340,LO,1,1010.5,1010.065934065934,1.0
2021-04-16T03:32:05.097,1010,373,LO,1,1010.5,1010.0604534005038,1.0
2021-04-16T03:32:05.399,1011,967,LO,-1,1010.5,1010.7216417910448,1.0
2021-04-16T03:32:05.56,1010,409,LO,1,1010.5,1010.702761627907,1.0
2021-04-16T03:32:05.88,1011,24,MO,1,missing,missing,missing
2021-04-16T03:32:05.88,1011,943,LO,-1,1010.5,1010.6974852071006,1.0
2021-04-16T03:32:05.88,1011,215,MO,1,missing,missing,missing
2021-04-16T03:32:05.88,1011,728,LO,-1,1010.5,1010.6402814423923,1.0
2021-04-16T03:32:05.966,1012,61,OC,-1,1011.0,1010.2595744680851,2.0
2021-04-16T03:32:07.246,1011,44,LO,-1,1010.5,1010.0971302428256,1.0
2021-04-16T03:32:08.419,1012,95,OC,-1,1011.0,1010.3769841269841,2.0
2021-04-16T03:32:08.898,1010,350,OC,1,1011.0,1010.4269662921348,2.0
2021-04-16T03:32:09.459,1011,46,LO,1,1011.5,1011.6737588652483,1.0
2021-04-16T03:32:09.835,1011,278,LO,1,1011.5,1011.254691689008,1.0
2021-04-16T03:32:10.36,1012,125,LO,-1,1011.5,1011.3101736972704,1.0
2021-04-16T03:32:11.314,1012,61,MO,1,missing,missing,missing
2021-04-16T03:32:11.314,1012,64,LO,-1,1011.5,1011.187134502924,1.0
2021-04-16T03:32:11.314,1012,23,MO,1,missing,missing,missing
2021-04-16T03:32:11.314,1012,41,LO,-1,1011.5,1011.128526645768,1.0
2021-04-16T03:32:12.601,1012,185,LO,-1,1011.5,1011.3995680345572,1.0
2021-04-16T03:32:13.497,1012,215,LO,-1,1011.5,1011.4361054766734,1.0
2021-04-16T03:32:13.811,1011,46,OC,1,1011.5,1011.823754789272,1.0
2021-04-16T03:32:14.344,1010,350,OC,1,1011.0,1010.7610619469026,2.0
2021-04-16T03:32:15.334,1012,204,OC,-1,1011.0,1010.7364620938628,2.0
2021-04-16T03:32:16.023,1010,52,MO,-1,missing,missing,missing
2021-04-16T03:32:16.023,1010,298,LO,1,1011.0,1010.8127490039841,2.0
2021-04-16T03:32:16.049,1010,229,MO,-1,missing,missing,missing
2021-04-16T03:32:16.049,1010,69,LO,1,1011.0,1011.4945054945055,2.0
2021-04-16T03:32:16.049,1010,33,MO,-1,missing,missing,missing
2021-04-16T03:32:16.049,1010,36,LO,1,1011.0,1011.7,2.0
2021-04-16T03:32:16.049,1010,36,MO,-1,missing,missing,missing
2021-04-16T03:32:16.049,1009,95,LO,1,1010.5,1011.0468227424749,3.0
2021-04-16T03:32:16.049,1009,44,MO,-1,missing,missing,missing
2021-04-16T03:32:16.049,1009,51,LO,1,1010.5,1011.4,3.0
2021-04-16T03:32:16.049,1009,51,MO,-1,missing,missing,missing
2021-04-16T03:32:16.049,missing,missing,LO,1,missing,missing,missing
2021-04-16T03:32:16.31,1011,28,LO,1,1011.5,1011.8793103448276,1.0
2021-04-16T03:32:17.158,1012,61117,LO,-1,1011.5,1011.9995420721236,1.0
2021-04-16T03:32:18.793,1011,74,LO,1,1011.5,1011.9987906718309,1.0
2021-04-16T03:32:21.268,1012,61141,LO,-1,1011.5,1011.9987911459609,1.0
2021-04-16T03:32:26.887,1012,61117,OC,-1,1011.5,1011.9987906718309,1.0
2021-04-16T03:32:29.799,1012,30,MO,1,missing,missing,missing
2021-04-16T03:32:29.799,1012,61087,LO,-1,1011.5,1011.9987900786449,1.0
2021-04-16T03:32:29.799,1012,144,MO,1,missing,missing,missing
2021-04-16T03:32:29.799,1012,60943,LO,-1,1011.5,1011.9987872232329,1.0
2021-04-16T03:32:29.799,1012,30,MO,1,missing,missing,missing
2021-04-16T03:32:29.799,1012,60913,LO,-1,1011.5,1011.9987866266581,1.0
2021-04-16T03:32:29.799,1012,359,MO,1,missing,missing,missing
2021-04-16T03:32:29.799,1012,60554,LO,-1,1011.5,1011.9987794418421,1.0
2021-04-16T03:32:31.527,1012,60575,LO,-1,1011.5,1011.998779864466,1.0
2021-04-16T03:32:33.452,1012,98,MO,1,missing,missing,missing
2021-04-16T03:32:33.452,1012,60477,LO,-1,1011.5,1011.9987778897128,1.0
2021-04-16T03:32:34.561,1012,60501,LO,-1,1011.5,1011.9987783739166,1.0
2021-04-16T03:32:35.685,1012,60538,LO,-1,1011.5,1011.9987791196463,1.0
2021-04-16T03:32:36.951,1011,28,OC,1,1011.5,1011.9995376944161,1.0
2021-04-16T03:32:37.872,1012,202,MO,1,missing,missing,missing
2021-04-16T03:32:37.872,1012,60336,LO,-1,1011.5,1011.9995361473726,1.0
2021-04-16T03:32:38.689,1011,28,MO,-1,missing,missing,missing
2021-04-16T03:32:38.689,1010,242,LO,1,1011.0,1011.9920103007693,2.0
2021-04-16T03:32:38.689,1010,23,MO,-1,missing,missing,missing
2021-04-16T03:32:38.689,1010,219,LO,1,1011.0,1011.9927669061184,2.0
2021-04-16T03:32:39.101,1011,344,LO,1,1011.5,1011.9943309162821,1.0
2021-04-16T03:32:41.372,1012,60381,LO,-1,1011.5,1011.9943351173322,1.0
2021-04-16T03:32:41.489,missing,missing,OC,1,missing,missing,missing
2021-04-16T03:32:42.124,1011,313,LO,-1,missing,missing,missing
2021-04-16T03:32:45.223,1002,373,LO,1,1006.5,1006.1064139941691,9.0
2021-04-16T03:32:46.048,1003,82,LO,1,1007.0,1009.3392405063291,8.0
2021-04-16T03:32:48.63,1004,249,LO,1,1007.5,1007.8985765124555,7.0
2021-04-16T03:32:50.167,1005,115,LO,1,1008.0,1009.3878504672897,6.0
2021-04-16T03:32:50.992,1006,28,LO,1,1008.5,1010.5894428152493,5.0
2021-04-16T03:32:51.276,1005,115,OC,1,1008.0,1009.3878504672897,6.0
2021-04-16T03:32:52.16,1004,292,OC,1,1007.5,1007.6214876033058,7.0
2021-04-16T03:32:53.63,1012,2044,OC,-1,1008.0,1011.0,8.0
2021-04-16T03:32:54.045,1011,56,LO,-1,1007.5,1005.1264367816092,7.0
2021-04-16T03:32:56.59,1010,71,LO,-1,1007.0,1005.1735537190083,6.0
2021-04-16T03:32:59.13,1011,56,OC,-1,1007.5,1005.1264367816092,7.0
2021-04-16T03:33:00.351,1004,249,OC,1,1007.5,1005.2852459016393,7.0
2021-04-16T03:33:03.616,1010,2846,LO,-1,1007.0,1009.5172859450727,6.0
2021-04-16T03:33:04.244,1003,50,OC,1,1006.5,1009.8791436464088,7.0
2021-04-16T03:33:04.672,1009,141,LO,-1,1006.0,1007.4293193717277,6.0
2021-04-16T03:33:08.719,1009,65,MO,1,missing,missing,missing
2021-04-16T03:33:08.719,1009,76,LO,-1,1006.0,1006.6190476190476,6.0
2021-04-16T03:33:10.223,1010,2872,OC,-1,1006.5,1009.8802190280629,7.0
2021-04-16T03:33:18.094,1009,70,LO,-1,1006.0,1006.5,6.0
2021-04-16T03:33:24.319,1002,108,OC,1,1005.5,1004.7528089887641,7.0
2021-04-16T03:33:24.839,1002,108,MO,-1,missing,missing,missing
2021-04-16T03:33:24.839,missing,missing,LO,1,missing,missing,missing
2021-04-16T03:33:25.959,1008,33,LO,-1,missing,missing,missing
2021-04-16T03:33:26.846,1007,66,LO,-1,missing,missing,missing
2021-04-16T03:33:27.494,997,22,LO,1,1002.0,1004.5,10.0
2021-04-16T03:33:29.474,1008,33,OC,-1,1002.5,1003.6,11.0
2021-04-16T03:33:45.265,998,23,LO,1,1003.0,1003.8928571428571,10.0
2021-04-16T03:33:57.385,1009,70,OC,-1,1003.5,1006.2795698924731,11.0
2021-04-16T03:34:04.751,1010,3164,OC,-1,1004.0,1009.9133981801067,12.0
2021-04-16T03:34:07.359,999,25,LO,1,1004.5,1009.9137660708686,11.0
2021-04-16T03:34:09.055,1010,79,MO,1,missing,missing,missing
2021-04-16T03:34:09.055,1010,3085,LO,-1,1004.5,1009.9115755627009,11.0
2021-04-16T03:34:11.46,1010,259,MO,1,missing,missing,missing
2021-04-16T03:34:11.46,1010,2826,LO,-1,1004.5,1009.9035426166257,11.0
2021-04-16T03:34:11.899,999,25,MO,-1,missing,missing,missing
2021-04-16T03:34:11.899,998,23,LO,1,1004.0,1009.9031239031239,12.0
2021-04-16T03:34:11.899,998,23,MO,-1,missing,missing,missing
2021-04-16T03:34:11.899,997,19027,LO,1,1003.5,998.6811421772754,13.0
2021-04-16T03:34:11.899,997,155,MO,-1,missing,missing,missing
2021-04-16T03:34:11.899,997,18872,LO,1,1003.5,998.6931514425293,13.0
2021-04-16T03:34:13.371,1010,318,OC,-1,1003.5,997.2154247003648,13.0
2021-04-16T03:34:15.844,997,56,MO,-1,missing,missing,missing
2021-04-16T03:34:15.844,997,18816,LO,1,1003.5,997.2160551897147,13.0
2021-04-16T03:34:17.4,998,33,LO,1,1004.0,1008.8717948717949,12.0
2021-04-16T03:34:20.17,1009,29,LO,-1,1003.5,1003.1451612903226,11.0
2021-04-16T03:34:24.598,1010,318,OC,-1,1004.0,1008.8717948717949,12.0
2021-04-16T03:34:26.015,1010,26,MO,1,missing,missing,missing
2021-04-16T03:34:26.015,1010,292,LO,-1,1004.0,1008.7815384615385,12.0
2021-04-16T03:34:26.015,1010,34,MO,1,missing,missing,missing
2021-04-16T03:34:26.015,1010,258,LO,-1,1004.0,1008.639175257732,12.0
2021-04-16T03:34:26.617,1009,319,LO,-1,1003.5,1007.96875,11.0
2021-04-16T03:34:27.102,1008,52,LO,-1,1003.0,1004.1176470588235,10.0
2021-04-16T03:34:36.531,1007,36,LO,-1,1002.5,1002.695652173913,9.0
2021-04-16T03:34:37.953,1006,45,LO,-1,1002.0,1002.6153846153846,8.0
2021-04-16T03:34:38.435,997,18871,OC,1,1001.5,997.0214104461832,9.0
2021-04-16T03:34:42.811,998,40,LO,1,1002.0,1002.2352941176471,8.0
2021-04-16T03:34:43.243,999,63,LO,1,1002.5,1001.9166666666666,7.0
2021-04-16T03:34:47.959,1007,74,OC,-1,1003.0,1003.3211678832117,8.0
2021-04-16T03:35:06.498,1000,20,LO,1,1003.5,1005.5106382978723,7.0
2021-04-16T03:35:07.714,1000,20,MO,-1,missing,missing,missing
2021-04-16T03:35:07.714,999,63,LO,1,1003.0,1003.3211678832117,8.0
2021-04-16T03:35:07.714,999,35,MO,-1,missing,missing,missing
2021-04-16T03:35:07.714,999,28,LO,1,1003.0,1004.8039215686274,8.0
2021-04-16T03:35:09.838,1007,36,MO,1,missing,missing,missing
2021-04-16T03:35:09.838,1007,38,LO,-1,1003.0,1003.6060606060606,8.0
2021-04-16T03:35:09.838,1007,38,MO,1,missing,missing,missing
2021-04-16T03:35:09.838,1008,250,LO,-1,1003.5,1007.0935251798561,9.0
2021-04-16T03:35:09.839,1008,30,MO,1,missing,missing,missing
2021-04-16T03:35:09.839,1008,220,LO,-1,1003.5,1006.983870967742,9.0
2021-04-16T03:35:13.052,998,180,OC,1,1003.0,1003.5,10.0
2021-04-16T03:35:18.61,998,40,MO,-1,missing,missing,missing
2021-04-16T03:35:18.61,998,140,LO,1,1003.0,1004.1111111111111,10.0
2021-04-16T03:35:18.61,998,140,MO,-1,missing,missing,missing
2021-04-16T03:35:18.61,997,180,LO,1,1002.5,1003.05,11.0
2021-04-16T03:35:18.61,997,129,MO,-1,missing,missing,missing
2021-04-16T03:35:18.61,997,51,LO,1,1002.5,1005.929889298893,11.0
2021-04-16T03:35:18.61,997,51,MO,-1,missing,missing,missing
2021-04-16T03:35:18.61,missing,missing,LO,1,missing,missing,missing
2021-04-16T03:35:19.389,1007,109,LO,1,1007.5,1007.6686930091186,1.0
2021-04-16T03:35:21.495,1009,404,OC,-1,1008.0,1008.5750487329435,2.0
2021-04-16T03:35:22.681,1009,85,OC,-1,1008.0,1007.8762886597938,2.0
2021-04-16T03:35:24.619,1009,85,MO,1,missing,missing,missing
2021-04-16T03:35:24.619,1010,258,LO,-1,1008.5,1009.1089918256131,3.0
2021-04-16T03:35:24.619,1010,258,MO,1,missing,missing,missing
2021-04-16T03:35:24.619,1011,530,LO,-1,1009.0,1010.3176838810641,4.0
2021-04-16T03:35:24.619,1011,56,MO,1,missing,missing,missing
2021-04-16T03:35:24.619,1011,474,LO,-1,1009.0,1010.2521440823327,4.0
2021-04-16T03:35:24.619,1011,20,MO,1,missing,missing,missing
2021-04-16T03:35:24.619,1011,454,LO,-1,1009.0,1010.2255772646537,4.0
2021-04-16T03:35:24.619,1011,29,MO,1,missing,missing,missing
2021-04-16T03:35:24.619,1011,425,LO,-1,1009.0,1010.183520599251,4.0
2021-04-16T03:35:24.619,1011,28,MO,1,missing,missing,missing
2021-04-16T03:35:24.619,1011,397,LO,-1,1009.0,1010.1383399209486,4.0
2021-04-16T03:35:24.619,1011,176,MO,1,missing,missing,missing
2021-04-16T03:35:24.619,1011,221,LO,-1,1009.0,1009.6787878787878,4.0
2021-04-16T03:35:24.619,1011,221,MO,1,missing,missing,missing
2021-04-16T03:35:24.619,1012,21,LO,-1,1009.5,1007.8076923076923,5.0
2021-04-16T03:35:24.619,1012,21,MO,1,missing,missing,missing
2021-04-16T03:35:24.619,1013,48,LO,-1,1010.0,1008.8343949044586,6.0
2021-04-16T03:35:24.619,1013,48,MO,1,missing,missing,missing
2021-04-16T03:35:24.619,missing,missing,LO,-1,missing,missing,missing
2021-04-16T03:35:25.108,1007,109,MO,-1,missing,missing,missing
2021-04-16T03:35:25.108,missing,missing,LO,1,missing,missing,missing
2021-04-16T03:35:26.844,1016,238,LO,-1,missing,missing,missing
2021-04-16T03:35:28.054,1006,76,LO,1,1011.0,1013.5796178343949,10.0
2021-04-16T03:35:28.175,missing,missing,OC,-1,missing,missing,missing
2021-04-16T03:35:30.605,1015,20,LO,-1,1010.5,1007.875,9.0
2021-04-16T03:35:31.936,1007,24,LO,1,1011.0,1010.6363636363636,8.0
2021-04-16T03:35:33.086,1006,76,OC,1,1010.5,1007.875,9.0
2021-04-16T03:35:34.302,1006,56,MO,-1,missing,missing,missing
2021-04-16T03:35:34.302,1006,20,LO,1,1010.5,1010.5,9.0
2021-04-16T03:35:35.575,1014,52,LO,-1,1010.0,1011.7777777777778,8.0
2021-04-16T03:35:36.265,1007,26,LO,1,1010.5,1011.6666666666666,7.0
2021-04-16T03:35:36.806,1006,20,OC,1,1010.0,1011.7777777777778,8.0
2021-04-16T03:35:39.348,1013,591,LO,-1,1009.5,1012.7708674304419,7.0
2021-04-16T03:35:42.166,1012,40,LO,-1,1009.0,1010.0,6.0
2021-04-16T03:35:42.588,1011,30,LO,-1,1008.5,1009.0,5.0
2021-04-16T03:35:42.745,1012,40,OC,-1,1009.0,1010.0,6.0
2021-04-16T03:35:43.684,1013,591,OC,-1,1009.5,1012.7708674304419,7.0
2021-04-16T03:35:44.645,1013,288,MO,1,missing,missing,missing
2021-04-16T03:35:44.645,1013,303,LO,-1,1009.5,1012.5665634674923,7.0
2021-04-16T03:35:47.741,1006,20,MO,-1,missing,missing,missing
2021-04-16T03:35:47.741,1005,1470,LO,1,1009.0,1006.3671742808799,8.0
2021-04-16T03:35:47.741,1005,30,MO,-1,missing,missing,missing
2021-04-16T03:35:47.741,1005,1440,LO,1,1009.0,1006.3907056798623,8.0
2021-04-16T03:35:49.278,1012,349,LO,-1,1008.5,1006.3655673560648,7.0
2021-04-16T03:35:50.251,1006,95,LO,1,1009.0,1010.7162162162163,6.0
2021-04-16T03:35:54.505,1011,21,LO,-1,1008.5,1006.9051724137931,5.0
2021-04-16T03:36:03.288,1006,81,MO,-1,missing,missing,missing
2021-04-16T03:36:03.288,1006,14,LO,1,1008.5,1009.0,5.0
2021-04-16T03:36:04.23,1006,14,MO,-1,missing,missing,missing
2021-04-16T03:36:04.23,1005,1440,LO,1,1008.0,1005.0862422997947,6.0
2021-04-16T03:36:04.23,1005,28,MO,-1,missing,missing,missing
2021-04-16T03:36:04.23,1005,1412,LO,1,1008.0,1005.0879274249826,6.0
2021-04-16T03:36:04.23,1005,1164,MO,-1,missing,missing,missing
2021-04-16T03:36:04.23,1005,248,LO,1,1008.0,1005.4684014869888,6.0
2021-04-16T03:36:05.072,1011,21,MO,1,missing,missing,missing
2021-04-16T03:36:05.072,1012,382,LO,-1,1008.5,1009.2444444444444,7.0
2021-04-16T03:36:05.072,1012,124,MO,1,missing,missing,missing
2021-04-16T03:36:05.072,1012,258,LO,-1,1008.5,1008.5691699604743,7.0
2021-04-16T03:36:08.698,1005,188,OC,1,1008.5,1009.0493273542601,7.0
2021-04-16T03:36:22.107,1011,187,LO,-1,1008.0,1007.992,6.0
2021-04-16T03:36:23.06,1010,26,LO,-1,1007.5,1005.607476635514,5.0
2021-04-16T03:36:23.221,1009,29,LO,-1,1007.0,1005.5345622119816,4.0
2021-04-16T03:36:23.923,1005,61,MO,-1,missing,missing,missing
2021-04-16T03:36:23.923,1005,127,LO,1,1007.0,1005.7435897435897,4.0
2021-04-16T03:36:25.968,1010,26,OC,-1,1007.5,1005.8496732026143,5.0
2021-04-16T03:36:29.624,1005,50,MO,-1,missing,missing,missing
2021-04-16T03:36:29.624,1005,77,LO,1,1007.5,1006.2621359223301,5.0
2021-04-16T03:36:31.122,1005,77,MO,-1,missing,missing,missing
2021-04-16T03:36:31.122,missing,missing,LO,1,missing,missing,missing
2021-04-16T03:36:36.752,1003,103,LO,1,1006.5,1004.4108527131783,7.0
2021-04-16T03:36:38.252,1004,51,LO,1,1007.0,1006.025974025974,6.0
2021-04-16T03:36:40.359,1004,51,MO,-1,missing,missing,missing
2021-04-16T03:36:40.359,1003,103,LO,1,1006.5,1004.4108527131783,7.0
2021-04-16T03:36:40.359,1003,20,MO,-1,missing,missing,missing
2021-04-16T03:36:40.359,1003,83,LO,1,1006.5,1004.6697247706422,7.0
2021-04-16T03:36:40.986,1002,420,OC,1,1006.0,1002.4663677130045,8.0
2021-04-16T03:36:41.133,1009,23,LO,-1,1005.5,1002.3634311512416,7.0
2021-04-16T03:36:51.893,1009,23,MO,1,missing,missing,missing
2021-04-16T03:36:51.893,1010,26,LO,-1,1006.0,1002.4663677130045,8.0
2021-04-16T03:36:51.894,1010,26,MO,1,missing,missing,missing
2021-04-16T03:36:51.894,1011,267,LO,-1,1006.5,1005.4978165938865,9.0
2021-04-16T03:36:51.894,1011,44,MO,1,missing,missing,missing
2021-04-16T03:36:51.894,1011,223,LO,-1,1006.5,1005.1213063763608,9.0
2021-04-16T03:36:53.593,1003,113,LO,1,1007.0,1008.3095238095239,8.0
2021-04-16T03:36:56.231,1010,60,LO,-1,1006.5,1005.4277456647399,7.0
2021-04-16T03:37:01.445,1002,459,OC,1,1006.0,1002.9248554913295,8.0
2021-04-16T03:37:02.332,1009,80,LO,-1,1005.5,1003.038961038961,7.0
2021-04-16T03:37:02.854,1010,1734,OC,-1,1006.0,1008.3255813953489,8.0
2021-04-16T03:37:06.044,1002,39,OC,1,1006.0,1009.824027072758,8.0
2021-04-16T03:37:08.307,1009,24,LO,-1,1005.5,1004.6666666666666,7.0
2021-04-16T03:37:10.65,1003,42,LO,1,1006.0,1005.1818181818181,6.0
2021-04-16T03:37:11.471,1010,1734,OC,-1,1006.5,1009.8344594594595,7.0
2021-04-16T03:37:12.393,1004,25,LO,1,1007.0,1009.9147242751563,6.0
2021-04-16T03:37:15.147,1009,24,LO,-1,1006.5,1006.4489795918367,5.0
2021-04-16T03:37:16.503,1004,25,MO,-1,missing,missing,missing
2021-04-16T03:37:16.503,1003,42,LO,1,1006.0,1005.1818181818181,6.0
2021-04-16T03:37:16.503,1003,27,MO,-1,missing,missing,missing
2021-04-16T03:37:16.503,1003,15,LO,1,1006.0,1006.6923076923077,6.0
2021-04-16T03:37:17.08,1008,36,LO,-1,1005.5,1006.5294117647059,5.0
2021-04-16T03:37:17.082,1008,36,MO,1,missing,missing,missing
2021-04-16T03:37:17.082,1009,24,LO,-1,1006.0,1006.6923076923077,6.0
2021-04-16T03:37:17.082,1009,24,MO,1,missing,missing,missing
2021-04-16T03:37:17.082,1010,1674,LO,-1,1006.5,1009.9378330373002,7.0
2021-04-16T03:37:17.633,1003,15,MO,-1,missing,missing,missing
2021-04-16T03:37:17.633,1002,39,LO,1,1006.0,1009.8178633975482,8.0
2021-04-16T03:37:17.633,1002,39,MO,-1,missing,missing,missing
2021-04-16T03:37:17.633,1001,81,LO,1,1005.5,1009.5846153846154,9.0
2021-04-16T03:37:17.633,1001,33,MO,-1,missing,missing,missing
2021-04-16T03:37:17.633,1001,48,LO,1,1005.5,1009.7491289198606,9.0
2021-04-16T03:37:17.633,1001,20,MO,-1,missing,missing,missing
2021-04-16T03:37:17.633,1001,28,LO,1,1005.5,1009.8519388954171,9.0
2021-04-16T03:37:17.633,1001,28,MO,-1,missing,missing,missing
2021-04-16T03:37:17.633,missing,missing,LO,1,missing,missing,missing
2021-04-16T03:37:19.157,1007,22,LO,1,1008.5,1009.9610849056604,3.0
2021-04-16T03:37:19.882,1008,65,LO,1,1009.0,1009.9252443933295,2.0
2021-04-16T03:37:22.144,1009,41,LO,1,1009.5,1009.9760932944606,1.0
2021-04-16T03:37:22.407,1011,439,OC,-1,1010.0,1010.8291666666667,2.0
2021-04-16T03:37:23.805,1008,91,OC,1,1009.5,1010.4849056603773,3.0
2021-04-16T03:37:23.984,1010,791,LO,-1,1009.0,1009.7936507936508,2.0
2021-04-16T03:37:24.028,1009,61,LO,-1,1008.5,1008.4013157894736,1.0
2021-04-16T03:37:24.037,1009,81,LO,-1,1008.5,1008.4709302325581,1.0
2021-04-16T03:37:27.049,1009,61,MO,1,missing,missing,missing
2021-04-16T03:37:27.049,1009,20,LO,-1,1008.5,1008.1801801801802,1.0
2021-04-16T03:37:27.049,1009,7,MO,1,missing,missing,missing
2021-04-16T03:37:27.049,1009,13,LO,-1,1008.5,1008.125,1.0
2021-04-16T03:37:28.163,1009,141,LO,-1,1008.5,1008.6077586206897,1.0
2021-04-16T03:37:28.389,1008,65,OC,1,1008.5,1008.6844660194175,1.0
2021-04-16T03:37:30.772,1008,160,LO,1,1008.5,1008.468438538206,1.0
2021-04-16T03:37:33.956,1009,214,LO,-1,1008.5,1008.572192513369,1.0
2021-04-16T03:37:33.999,1009,13,MO,1,missing,missing,missing
2021-04-16T03:37:33.999,1009,201,LO,-1,1008.5,1008.5567867036011,1.0
2021-04-16T03:37:33.999,1009,48,MO,1,missing,missing,missing
2021-04-16T03:37:33.999,1009,153,LO,-1,1008.5,1008.4888178913739,1.0
2021-04-16T03:37:36.89,1008,217,LO,1,1008.5,1008.4135135135135,1.0
2021-04-16T03:37:42.401,1009,80,OC,-1,1008.5,1008.2693602693603,1.0
2021-04-16T03:37:46.061,1009,106,LO,-1,1008.5,1008.328173374613,1.0
2021-04-16T03:37:51.317,1009,824,LO,-1,1008.5,1008.7915465898175,1.0
2021-04-16T03:37:53.381,1008,152,OC,1,1008.5,1008.844262295082,1.0
2021-04-16T03:37:55.409,1009,865,LO,-1,1008.5,1008.850540806293,1.0
2021-04-16T03:38:01.64,1009,894,LO,-1,1008.5,1008.8546845124283,1.0
2021-04-16T03:38:20.274,1009,55,MO,1,missing,missing,missing
2021-04-16T03:38:20.274,1009,839,LO,-1,1008.5,1008.8466195761856,1.0
2021-04-16T03:38:34.364,1009,814,OC,-1,1008.5,1008.8426501035196,1.0
2021-04-16T03:38:38.646,1008,95,OC,1,1008.5,1008.8954895489549,1.0
2021-04-16T03:38:50.801,1009,836,LO,-1,1008.5,1008.8979591836735,1.0
2021-04-16T03:38:53.33,1009,26,MO,1,missing,missing,missing
2021-04-16T03:38:53.33,1009,810,LO,-1,1008.5,1008.8950276243094,1.0
2021-04-16T03:38:53.33,1009,29,MO,1,missing,missing,missing
2021-04-16T03:38:53.33,1009,781,LO,-1,1008.5,1008.8915525114155,1.0
2021-04-16T03:38:54.809,1009,803,LO,-1,1008.5,1008.8942093541202,1.0
2021-04-16T03:38:55.121,1009,81,MO,1,missing,missing,missing
2021-04-16T03:38:55.121,1009,722,LO,-1,1008.5,1008.8837209302326,1.0
2021-04-16T03:38:57.207,1008,83,MO,-1,missing,missing,missing
2021-04-16T03:38:57.207,1008,12,LO,1,1008.5,1008.983651226158,1.0
2021-04-16T03:38:58.421,1009,810,LO,-1,1008.5,1008.985401459854,1.0
2021-04-16T03:39:02.045,1009,839,LO,-1,1008.5,1008.9858989424207,1.0
2021-04-16T03:39:02.448,1007,466,OC,1,1008.0,1008.2858237547892,2.0
2021-04-16T03:39:02.747,1008,591,LO,1,1008.5,1008.5867132867132,1.0
2021-04-16T03:39:03.903,1009,861,LO,-1,1008.5,1008.5929752066115,1.0
2021-04-16T03:39:04.354,1007,466,OC,1,1008.0,1008.2976639035418,2.0
2021-04-16T03:39:04.872,1008,48,LO,-1,1007.5,1007.0933852140078,1.0
2021-04-16T03:39:04.878,1009,861,OC,-1,1008.0,1008.2976639035418,2.0
2021-04-16T03:39:05.302,1007,388,OC,1,1008.0,1008.3787029623699,2.0
2021-04-16T03:39:06.24,1008,114,LO,1,1008.5,1008.8830769230769,1.0
2021-04-16T03:39:07.152,1009,905,LO,-1,1008.5,1008.8881256133465,1.0
2021-04-16T03:39:07.392,1009,817,OC,-1,1008.5,1008.8775510204082,1.0
2021-04-16T03:39:08.448,1009,100,MO,1,missing,missing,missing
2021-04-16T03:39:08.448,1009,717,LO,-1,1008.5,1008.8628158844765,1.0
2021-04-16T03:39:11.443,1007,388,OC,1,1008.0,1008.2977375565611,2.0
2021-04-16T03:39:11.658,1009,676,OC,-1,1008.0,1008.2706766917294,2.0
2021-04-16T03:39:13.542,1008,45,LO,1,1008.5,1008.9375866851595,1.0
2021-04-16T03:39:17.62,1009,784,LO,-1,1008.5,1008.9457177322075,1.0
2021-04-16T03:39:21.806,1009,276,OC,-1,1008.5,1008.8598130841121,1.0
2021-04-16T03:39:24.764,1007,1142,OC,1,1008.0,1007.3892806770099,2.0
2021-04-16T03:39:27.049,1008,165,LO,1,1008.5,1008.625850340136,1.0
2021-04-16T03:39:28.346,1009,29,MO,1,missing,missing,missing
2021-04-16T03:39:28.346,1009,247,LO,-1,1008.5,1008.5995145631068,1.0
2021-04-16T03:39:28.346,1009,22,MO,1,missing,missing,missing
2021-04-16T03:39:28.346,1009,225,LO,-1,1008.5,1008.5769230769231,1.0
2021-04-16T03:39:28.346,1009,21,MO,1,missing,missing,missing
2021-04-16T03:39:28.346,1009,204,LO,-1,1008.5,1008.5528455284552,1.0
2021-04-16T03:39:28.564,1007,1142,OC,1,1008.0,1007.3031203566122,2.0
2021-04-16T03:39:31.545,1008,35,LO,1,1008.5,1008.8535564853556,1.0
2021-04-16T03:39:33.084,1008,35,MO,-1,missing,missing,missing
2021-04-16T03:39:33.084,1007,1096,LO,1,1008.0,1007.3138461538462,2.0
2021-04-16T03:39:33.084,1007,22,MO,-1,missing,missing,missing
