"SecurityId","OrderId","ClientOrderId","DateTime","Price","Volume","Side"
"1","1","1","2021-04-14 19:06:29.425","100","618","Sell"
"1","2","2","2021-04-14 19:06:29.732","98","62","Buy"
"1","3","3","2021-04-14 19:06:29.740","0","90","Sell"
"1","4","5","2021-04-14 19:06:29.744","99","37","Sell"
"1","5","6","2021-04-14 19:06:29.747","98","175","Sell"
"1","6","-5","2021-04-14 19:06:30.331","99","0","Sell"
"1","7","8","2021-04-14 19:06:30.333","88","50","Buy"
"1","8","9","2021-04-14 19:06:30.335","89","22","Buy"
"1","9","-6","2021-04-14 19:06:30.404","98","0","Sell"
"1","10","11","2021-04-14 19:06:30.406","101","21","Sell"
"1","11","12","2021-04-14 19:06:30.408","90","42","Buy"
"1","12","13","2021-04-14 19:06:30.410","99","122","Sell"
"1","13","14","2021-04-14 19:06:30.412","0","53","Sell"
"1","14","15","2021-04-14 19:06:30.414","98","28","Sell"
"1","15","16","2021-04-14 19:06:30.415","99","25","Sell"
"1","16","17","2021-04-14 19:06:30.418","88","37","Buy"
"1","17","18","2021-04-14 19:06:30.419","90","22","Buy"
"1","18","19","2021-04-14 19:06:30.421","97","54","Sell"
"1","19","20","2021-04-14 19:06:30.423","91","22","Buy"
"1","20","21","2021-04-14 19:06:30.424","90","53","Buy"
"1","21","22","2021-04-14 19:06:30.426","92","2235","Buy"
"1","22","23","2021-04-14 19:06:30.428","91","42","Buy"
"1","23","-23","2021-04-14 19:06:30.431","91","0","Buy"
"1","24","-22","2021-04-14 19:06:30.435","92","0","Buy"
"1","25","-1","2021-04-14 19:06:30.439","100","0","Sell"
"1","26","27","2021-04-14 19:06:30.440","0","344","Sell"
"1","27","-11","2021-04-14 19:06:30.444","101","0","Sell"
"1","28","-15","2021-04-14 19:06:30.448","98","0","Sell"
"1","29","-19","2021-04-14 19:06:30.451","97","0","Sell"
"1","30","35","2021-04-14 19:06:30.456","92","171","Buy"
"1","31","36","2021-04-14 19:06:30.459","91","36","Buy"
"1","32","38","2021-04-14 19:06:30.462","100","47","Sell"
"1","33","-35","2021-04-14 19:06:30.465","92","0","Buy"
"1","34","40","2021-04-14 19:06:30.466","100","40","Sell"
"1","35","41","2021-04-14 19:06:30.468","92","64","Buy"
"1","36","42","2021-04-14 19:06:30.470","98","24","Sell"
"1","37","43","2021-04-14 19:06:30.471","97","31","Sell"
"1","38","-43","2021-04-14 19:06:30.474","97","0","Sell"
"1","39","45","2021-04-14 19:06:30.476","91","28","Buy"
"1","40","-38","2021-04-14 19:06:30.479","100","0","Sell"
"1","41","-41","2021-04-14 19:06:30.482","92","0","Buy"
"1","42","48","2021-04-14 19:06:30.484","90","53","Buy"
"1","43","-45","2021-04-14 19:06:30.487","91","0","Buy"
"1","44","50","2021-04-14 19:06:30.488","99","27","Sell"
"1","45","51","2021-04-14 19:06:30.490","99","22","Sell"
"1","46","52","2021-04-14 19:06:30.492","90","90","Buy"
"1","47","53","2021-04-14 19:06:30.493","0","119","Buy"
"1","48","54","2021-04-14 19:06:30.495","98","22","Sell"
"1","49","55","2021-04-14 19:06:30.497","0","72","Buy"
"1","50","56","2021-04-14 19:06:30.499","92","27","Buy"
"1","51","-40","2021-04-14 19:06:30.502","100","0","Sell"
"1","52","-48","2021-04-14 19:06:30.505","90","0","Buy"
"1","53","-36","2021-04-14 19:06:30.508","91","0","Buy"
"1","54","61","2021-04-14 19:06:30.511","93","55","Buy"
"1","55","62","2021-04-14 19:06:30.512","94","23","Buy"
"1","56","63","2021-04-14 19:06:30.514","98","62","Sell"
"1","57","64","2021-04-14 19:06:30.516","95","156","Buy"
"1","58","-62","2021-04-14 19:06:30.519","94","0","Buy"
"1","59","66","2021-04-14 19:06:30.521","0","64","Sell"
"1","60","67","2021-04-14 19:06:30.523","0","91","Buy"
"1","61","69","2021-04-14 19:06:30.526","94","24","Buy"
"1","62","71","2021-04-14 19:06:30.529","94","29","Buy"
"1","63","72","2021-04-14 19:06:30.530","98","117","Sell"
"1","64","-52","2021-04-14 19:06:30.533","90","0","Buy"
"1","65","74","2021-04-14 19:06:30.535","0","59","Buy"
"1","66","-72","2021-04-14 19:06:30.537","98","0","Sell"
"1","67","76","2021-04-14 19:06:30.539","100","28","Sell"
"1","68","77","2021-04-14 19:06:30.540","0","263","Sell"
"1","69","79","2021-04-14 19:06:30.543","100","39","Sell"
"1","70","80","2021-04-14 19:06:30.545","93","21","Buy"
"1","71","-51","2021-04-14 19:06:30.548","99","0","Sell"
"1","72","82","2021-04-14 19:06:30.549","99","26","Sell"
"1","73","83","2021-04-14 19:06:30.551","98","31","Sell"
"1","74","84","2021-04-14 19:06:30.553","97","62","Sell"
"1","75","85","2021-04-14 19:06:30.554","96","68","Sell"
"1","76","86","2021-04-14 19:06:30.556","97","25","Sell"
"1","77","-85","2021-04-14 19:06:30.559","96","0","Sell"
"1","78","88","2021-04-14 19:06:30.561","98","33","Sell"
"1","79","89","2021-04-14 19:06:30.562","96","97","Sell"
"1","80","-83","2021-04-14 19:06:30.565","98","0","Sell"
"1","81","-89","2021-04-14 19:06:30.567","96","0","Sell"
"1","82","92","2021-04-14 19:06:30.569","96","83","Sell"
"1","83","-82","2021-04-14 19:06:30.572","99","0","Sell"
"1","84","-80","2021-04-14 19:06:30.575","93","0","Buy"
"1","85","96","2021-04-14 19:06:30.577","92","220","Buy"
"1","86","-96","2021-04-14 19:06:30.579","92","0","Buy"
"1","87","-92","2021-04-14 19:06:30.582","96","0","Sell"
"1","88","-76","2021-04-14 19:06:30.585","100","0","Sell"
"1","89","100","2021-04-14 19:06:30.587","98","174","Sell"
"1","90","-88","2021-04-14 19:06:30.589","98","0","Sell"
"1","91","102","2021-04-14 19:06:30.591","96","47","Sell"
"1","92","103","2021-04-14 19:06:30.593","97","13418","Sell"
"1","93","105","2021-04-14 19:06:30.594","97","23","Sell"
"1","94","106","2021-04-14 19:06:30.596","89","23","Buy"
"1","95","-86","2021-04-14 19:06:30.599","97","0","Sell"
"1","96","-106","2021-04-14 19:06:30.601","89","0","Buy"
"1","97","109","2021-04-14 19:06:30.603","87","46","Buy"
"1","98","110","2021-04-14 19:06:30.604","86","32","Buy"
"1","99","-110","2021-04-14 19:06:30.607","86","0","Buy"
"1","100","112","2021-04-14 19:06:30.608","88","20","Buy"
"1","101","113","2021-04-14 19:06:30.610","89","42","Buy"
"1","102","114","2021-04-14 19:06:30.611","88","105","Buy"
"1","103","115","2021-04-14 19:06:30.613","88","29","Buy"
"1","104","-102","2021-04-14 19:06:30.617","96","0","Sell"
"1","105","-113","2021-04-14 19:06:30.620","89","0","Buy"
"1","106","118","2021-04-14 19:06:30.622","87","21","Buy"
"1","107","119","2021-04-14 19:06:30.623","98","46","Sell"
"1","108","-118","2021-04-14 19:06:30.626","87","0","Buy"
"1","109","-79","2021-04-14 19:06:30.629","100","0","Sell"
"1","110","122","2021-04-14 19:06:30.630","89","125","Buy"
"1","111","123","2021-04-14 19:06:30.632","96","35","Sell"
"1","112","124","2021-04-14 19:06:30.633","88","99","Buy"
"1","113","125","2021-04-14 19:06:30.634","90","42","Buy"
"1","114","126","2021-04-14 19:06:30.636","0","145","Sell"
"1","115","127","2021-04-14 19:06:30.637","90","22","Buy"
"1","116","128","2021-04-14 19:06:30.639","95","45","Sell"
"1","117","129","2021-04-14 19:06:30.640","96","112","Sell"
"1","118","130","2021-04-14 19:06:30.642","0","1113","Sell"
"1","119","131","2021-04-14 19:06:30.643","0","213","Buy"
"1","120","132","2021-04-14 19:06:30.645","94","27","Buy"
"1","121","133","2021-04-14 19:06:30.646","98","44","Sell"
"1","122","134","2021-04-14 19:06:30.648","0","505","Buy"
"1","123","135","2021-04-14 19:06:30.649","95","66","Buy"
"1","124","-133","2021-04-14 19:06:30.652","98","0","Sell"
"1","125","-135","2021-04-14 19:06:30.655","95","0","Buy"
"1","126","-105","2021-04-14 19:06:30.658","97","0","Sell"
"1","127","139","2021-04-14 19:06:30.659","95","38","Buy"
"1","128","-103","2021-04-14 19:06:30.662","97","0","Sell"
"1","129","141","2021-04-14 19:06:30.664","99","281","Sell"
"1","130","142","2021-04-14 19:06:30.666","94","113","Buy"
"1","131","-119","2021-04-14 19:06:30.668","98","0","Sell"
"1","132","144","2021-04-14 19:06:30.669","97","27","Sell"
"1","133","145","2021-04-14 19:06:30.671","94","27","Buy"
"1","134","146","2021-04-14 19:06:30.672","0","158","Sell"
"1","135","-142","2021-04-14 19:06:30.675","94","0","Buy"
"1","136","148","2021-04-14 19:06:30.677","93","9006","Buy"
"1","137","149","2021-04-14 19:06:30.678","98","83","Sell"
"1","138","-141","2021-04-14 19:06:30.680","99","0","Sell"
"1","139","-145","2021-04-14 19:06:30.683","94","0","Buy"
"1","140","152","2021-04-14 19:06:30.684","96","27","Sell"
"1","141","153","2021-04-14 19:06:30.686","95","40","Sell"
"1","142","154","2021-04-14 19:06:30.687","94","27","Sell"
"1","143","155","2021-04-14 19:06:30.689","0","72","Buy"
"1","144","-148","2021-04-14 19:06:30.691","93","0","Buy"
"1","145","157","2021-04-14 19:06:30.693","92","35","Buy"
"1","146","158","2021-04-14 19:06:30.695","93","70","Buy"
"1","147","159","2021-04-14 19:06:30.696","97","32","Sell"
"1","148","160","2021-04-14 19:06:30.697","97","137","Sell"
"1","149","161","2021-04-14 19:06:30.698","95","100","Sell"
"1","150","162","2021-04-14 19:06:30.700","96","30","Sell"
"1","151","-100","2021-04-14 19:06:30.702","98","0","Sell"
"1","152","-157","2021-04-14 19:06:30.705","92","0","Buy"
"1","153","166","2021-04-14 19:06:30.708","94","272","Buy"
"1","154","167","2021-04-14 19:06:30.709","95","51","Sell"
"1","155","168","2021-04-14 19:06:30.711","96","216","Sell"
"1","156","-166","2021-04-14 19:06:30.713","94","0","Buy"
"1","157","170","2021-04-14 19:06:30.715","92","21","Buy"
"1","158","171","2021-04-14 19:06:30.716","94","29","Buy"
"1","159","-171","2021-04-14 19:06:30.719","94","0","Buy"
"1","160","173","2021-04-14 19:06:30.721","94","24","Sell"
"1","161","174","2021-04-14 19:06:30.722","92","27","Buy"
"1","162","-158","2021-04-14 19:06:30.725","93","0","Buy"
"1","163","176","2021-04-14 19:06:30.727","0","75","Buy"
"1","164","-170","2021-04-14 19:06:30.729","92","0","Buy"
"1","165","-174","2021-04-14 19:06:30.732","92","0","Buy"
"1","166","-167","2021-04-14 19:06:30.734","95","0","Sell"
"1","167","180","2021-04-14 19:06:30.735","94","24","Sell"
"1","168","-162","2021-04-14 19:06:30.738","96","0","Sell"
"1","169","184","2021-04-14 19:06:30.740","0","50","Buy"
"1","170","185","2021-04-14 19:06:30.741","89","96","Buy"
"1","171","-185","2021-04-14 19:06:30.744","89","0","Buy"
"1","172","188","2021-04-14 19:06:30.745","0","153","Buy"
"1","173","189","2021-04-14 19:06:30.747","88","79","Buy"
"1","174","190","2021-04-14 19:06:30.748","89","24","Buy"
"1","175","191","2021-04-14 19:06:30.750","90","33","Buy"
"1","176","-168","2021-04-14 19:06:30.753","96","0","Sell"
"1","177","193","2021-04-14 19:06:30.754","0","104","Buy"
"1","178","194","2021-04-14 19:06:30.756","96","27","Sell"
"1","179","-149","2021-04-14 19:06:30.758","98","0","Sell"
"1","180","196","2021-04-14 19:06:30.760","89","109","Buy"
"1","181","197","2021-04-14 19:06:30.761","95","37","Sell"
"1","182","-194","2021-04-14 19:06:30.764","96","0","Sell"
"1","183","-191","2021-04-14 19:06:30.766","90","0","Buy"
"1","184","200","2021-04-14 19:06:30.767","94","58","Sell"
"1","185","201","2021-04-14 19:06:30.769","95","26","Sell"
"1","186","-201","2021-04-14 19:06:30.772","95","0","Sell"
"1","187","-189","2021-04-14 19:06:30.775","88","0","Buy"
"1","188","-200","2021-04-14 19:06:30.778","94","0","Sell"
"1","189","205","2021-04-14 19:06:30.780","90","187","Buy"
"1","190","-190","2021-04-14 19:06:30.783","89","0","Buy"
"1","191","207","2021-04-14 19:06:30.784","96","99","Sell"
"1","192","208","2021-04-14 19:06:30.786","91","145","Buy"
"1","193","-205","2021-04-14 19:06:30.789","90","0","Buy"
"1","194","-208","2021-04-14 19:06:30.791","91","0","Buy"
"1","195","211","2021-04-14 19:06:30.793","0","142","Sell"
"1","196","213","2021-04-14 19:06:30.795","94","49","Sell"
"1","197","214","2021-04-14 19:06:30.796","0","106","Buy"
"1","198","215","2021-04-14 19:06:30.797","91","52","Buy"
"1","199","216","2021-04-14 19:06:30.798","97","51","Sell"
"1","200","-160","2021-04-14 19:06:30.802","97","0","Sell"
"1","201","219","2021-04-14 19:06:30.803","97","45","Sell"
"1","202","-207","2021-04-14 19:06:30.806","96","0","Sell"
"1","203","221","2021-04-14 19:06:30.807","90","42","Buy"
"1","204","222","2021-04-14 19:06:30.809","96","49","Sell"
"1","205","223","2021-04-14 19:06:30.810","92","29","Buy"
"1","206","224","2021-04-14 19:06:30.812","0","55","Sell"
"1","207","225","2021-04-14 19:06:30.813","0","565","Buy"
"1","208","228","2021-04-14 19:06:30.816","99","45","Sell"
"1","209","-228","2021-04-14 19:06:30.819","99","0","Sell"
"1","210","-221","2021-04-14 19:06:30.821","90","0","Buy"
"1","211","231","2021-04-14 19:06:30.823","97","88","Sell"
"1","212","232","2021-04-14 19:06:30.825","96","21","Sell"
"1","213","-215","2021-04-14 19:06:30.827","91","0","Buy"
"1","214","234","2021-04-14 19:06:30.829","86","21","Buy"
"1","215","-234","2021-04-14 19:06:30.832","86","0","Buy"
"1","216","-231","2021-04-14 19:06:30.834","97","0","Sell"
"1","217","-232","2021-04-14 19:06:30.836","96","0","Sell"
"1","218","239","2021-04-14 19:06:30.838","95","64","Buy"
"1","219","240","2021-04-14 19:06:30.839","97","21","Sell"
"1","220","241","2021-04-14 19:06:30.840","96","27","Buy"
"1","221","-239","2021-04-14 19:06:30.843","95","0","Buy"
"1","222","243","2021-04-14 19:06:30.844","96","28","Buy"
"1","223","244","2021-04-14 19:06:30.845","96","24","Buy"
"1","224","245","2021-04-14 19:06:30.846","97","54","Sell"
"1","225","-240","2021-04-14 19:06:30.849","97","0","Sell"
"1","226","247","2021-04-14 19:06:30.850","95","72","Buy"
"1","227","248","2021-04-14 19:06:30.851","95","174","Buy"
"1","228","249","2021-04-14 19:06:30.853","98","28","Sell"
"1","229","250","2021-04-14 19:06:30.854","0","194","Buy"
"1","230","252","2021-04-14 19:06:30.856","102","22","Sell"
"1","231","-248","2021-04-14 19:06:30.858","95","0","Buy"
"1","232","254","2021-04-14 19:06:30.859","101","24","Sell"
"1","233","-254","2021-04-14 19:06:30.862","101","0","Sell"
"1","234","-252","2021-04-14 19:06:30.864","102","0","Sell"
"1","235","257","2021-04-14 19:06:30.866","105","33","Sell"
"1","236","258","2021-04-14 19:06:30.867","0","115","Sell"
"1","237","259","2021-04-14 19:06:30.869","96","59","Buy"
"1","238","260","2021-04-14 19:06:30.870","106","21","Sell"
"1","239","261","2021-04-14 19:06:30.871","95","23","Buy"
"1","240","262","2021-04-14 19:06:30.873","97","67","Buy"
"1","241","-262","2021-04-14 19:06:30.875","97","0","Buy"
"1","242","-247","2021-04-14 19:06:30.877","95","0","Buy"
"1","243","265","2021-04-14 19:06:30.879","95","30","Buy"
"1","244","-259","2021-04-14 19:06:30.881","96","0","Buy"
"1","245","267","2021-04-14 19:06:30.882","106","28","Sell"
"1","246","268","2021-04-14 19:06:30.883","94","114","Buy"
"1","247","269","2021-04-14 19:06:30.885","0","86","Sell"
"1","248","270","2021-04-14 19:06:30.886","104","697","Sell"
"1","249","-260","2021-04-14 19:06:30.889","106","0","Sell"
"1","250","-267","2021-04-14 19:06:30.891","106","0","Sell"
"1","251","-268","2021-04-14 19:06:30.893","94","0","Buy"
"1","252","274","2021-04-14 19:06:30.894","103","31","Sell"
"1","253","275","2021-04-14 19:06:30.896","99","35","Buy"
"1","254","-275","2021-04-14 19:06:30.898","99","0","Buy"
"1","255","-274","2021-04-14 19:06:30.901","103","0","Sell"
"1","256","279","2021-04-14 19:06:30.903","99","261","Buy"
"1","257","-270","2021-04-14 19:06:30.905","104","0","Sell"
"1","258","282","2021-04-14 19:06:30.908","98","24","Buy"
"1","259","283","2021-04-14 19:06:30.910","100","39","Buy"
"1","260","-283","2021-04-14 19:06:30.913","100","0","Buy"
"1","261","285","2021-04-14 19:06:30.914","100","30","Buy"
"1","262","286","2021-04-14 19:06:30.915","101","29","Buy"
"1","263","288","2021-04-14 19:06:30.918","100","1077","Buy"
"1","264","289","2021-04-14 19:06:30.920","104","32","Sell"
"1","265","290","2021-04-14 19:06:30.921","100","180","Buy"
"1","266","291","2021-04-14 19:06:30.922","103","22","Sell"
"1","267","-286","2021-04-14 19:06:30.925","101","0","Buy"
"1","268","293","2021-04-14 19:06:30.926","0","89","Buy"
"1","269","294","2021-04-14 19:06:30.927","105","25","Sell"
"1","270","295","2021-04-14 19:06:30.929","101","33","Buy"
"1","271","296","2021-04-14 19:06:30.930","0","153","Buy"
"1","272","297","2021-04-14 19:06:30.931","100","39","Buy"
"1","273","298","2021-04-14 19:06:30.932","0","78","Sell"
"1","274","301","2021-04-14 19:06:30.934","0","114","Sell"
"1","275","302","2021-04-14 19:06:30.935","0","50","Sell"
"1","276","303","2021-04-14 19:06:30.937","99","31","Buy"
"1","277","304","2021-04-14 19:06:30.938","105","108","Sell"
"1","278","305","2021-04-14 19:06:30.939","101","68","Buy"
"1","279","-304","2021-04-14 19:06:30.941","105","0","Sell"
"1","280","307","2021-04-14 19:06:30.943","100","22","Buy"
"1","281","308","2021-04-14 19:06:30.944","102","22","Sell"
"1","282","309","2021-04-14 19:06:30.946","103","37","Sell"
"1","283","-282","2021-04-14 19:06:30.949","98","0","Buy"
"1","284","-309","2021-04-14 19:06:30.951","103","0","Sell"
"1","285","-308","2021-04-14 19:06:30.953","102","0","Sell"
"1","286","313","2021-04-14 19:06:30.955","107","39","Sell"
"1","287","314","2021-04-14 19:06:30.956","106","22","Sell"
"1","288","-314","2021-04-14 19:06:30.958","106","0","Sell"
"1","289","316","2021-04-14 19:06:30.960","100","53","Buy"
"1","290","-305","2021-04-14 19:06:30.962","101","0","Buy"
"1","291","318","2021-04-14 19:06:30.963","106","23","Sell"
"1","292","-279","2021-04-14 19:06:30.966","99","0","Buy"
"1","293","320","2021-04-14 19:06:30.967","99","20","Buy"
"1","294","321","2021-04-14 19:06:30.968","105","79","Sell"
"1","295","322","2021-04-14 19:06:30.969","104","104","Sell"
"1","296","323","2021-04-14 19:06:30.970","0","65","Buy"
"1","297","324","2021-04-14 19:06:30.972","0","514","Sell"
"1","298","325","2021-04-14 19:06:30.973","99","23","Buy"
"1","299","-320","2021-04-14 19:06:30.975","99","0","Buy"
"1","300","-297","2021-04-14 19:06:30.978","100","0","Buy"
"1","301","-318","2021-04-14 19:06:30.980","106","0","Sell"
"1","302","-321","2021-04-14 19:06:30.983","105","0","Sell"
"1","303","330","2021-04-14 19:06:30.984","99","26","Buy"
"1","304","-303","2021-04-14 19:06:30.987","99","0","Buy"
"1","305","332","2021-04-14 19:06:30.988","103","88","Sell"
"1","306","333","2021-04-14 19:06:30.989","99","37","Buy"
"1","307","334","2021-04-14 19:06:30.990","0","53","Sell"
"1","308","335","2021-04-14 19:06:30.991","104","181","Sell"
"1","309","336","2021-04-14 19:06:30.993","99","23","Buy"
"1","310","337","2021-04-14 19:06:30.994","102","32","Sell"
"1","311","338","2021-04-14 19:06:30.995","0","151","Buy"
"1","312","339","2021-04-14 19:06:30.996","103","65","Sell"
"1","313","-339","2021-04-14 19:06:30.999","103","0","Sell"
"1","314","341","2021-04-14 19:06:31.001","103","30","Sell"
"1","315","-335","2021-04-14 19:06:31.003","104","0","Sell"
"1","316","343","2021-04-14 19:06:31.004","99","50","Buy"
"1","317","344","2021-04-14 19:06:31.005","102","102","Sell"
"1","318","345","2021-04-14 19:06:31.007","0","87","Buy"
"1","319","346","2021-04-14 19:06:31.008","99","31","Buy"
"1","320","-344","2021-04-14 19:06:31.011","102","0","Sell"
"1","321","348","2021-04-14 19:06:31.012","101","25","Buy"
"1","322","349","2021-04-14 19:06:31.013","104","25","Sell"
"1","323","350","2021-04-14 19:06:31.014","102","23","Buy"
"1","324","-330","2021-04-14 19:06:31.017","99","0","Buy"
"1","325","352","2021-04-14 19:06:31.019","104","53","Sell"
"1","326","-350","2021-04-14 19:06:31.021","102","0","Buy"
"1","327","-322","2021-04-14 19:06:31.024","104","0","Sell"
"1","328","355","2021-04-14 19:06:31.025","100","33","Buy"
"1","329","-348","2021-04-14 19:06:31.027","101","0","Buy"
"1","330","357","2021-04-14 19:06:31.028","102","21","Sell"
"1","331","-290","2021-04-14 19:06:31.031","100","0","Buy"
"1","332","-336","2021-04-14 19:06:31.033","99","0","Buy"
"1","333","360","2021-04-14 19:06:31.034","103","247","Sell"
"1","334","361","2021-04-14 19:06:31.036","101","87","Sell"
"1","335","-333","2021-04-14 19:06:31.038","99","0","Buy"
"1","336","363","2021-04-14 19:06:31.039","101","21","Sell"
"1","337","-363","2021-04-14 19:06:31.042","101","0","Sell"
"1","338","365","2021-04-14 19:06:31.043","0","147","Buy"
"1","339","366","2021-04-14 19:06:31.044","102","81","Sell"
"1","340","367","2021-04-14 19:06:31.046","103","22","Sell"
"1","341","-288","2021-04-14 19:06:31.048","100","0","Buy"
"1","342","-366","2021-04-14 19:06:31.051","102","0","Sell"
"1","343","370","2021-04-14 19:06:31.052","99","51","Buy"
"1","344","371","2021-04-14 19:06:31.053","104","21","Sell"
"1","345","372","2021-04-14 19:06:31.055","99","49","Buy"
"1","346","373","2021-04-14 19:06:31.056","0","305","Sell"
"1","347","-367","2021-04-14 19:06:31.058","103","0","Sell"
"1","348","-313","2021-04-14 19:06:31.061","107","0","Sell"
"1","349","-352","2021-04-14 19:06:31.063","104","0","Sell"
"1","350","-360","2021-04-14 19:06:31.065","103","0","Sell"
"1","351","379","2021-04-14 19:06:31.068","0","193","Buy"
"1","352","381","2021-04-14 19:06:31.069","98","40","Buy"
"1","353","382","2021-04-14 19:06:31.070","101","31","Sell"
"1","354","384","2021-04-14 19:06:31.073","102","106","Sell"
"1","355","385","2021-04-14 19:06:31.074","100","25","Sell"
"1","356","386","2021-04-14 19:06:31.075","99","3369","Buy"
"1","357","387","2021-04-14 19:06:31.076","0","77","Sell"
"1","358","-386","2021-04-14 19:06:31.079","99","0","Buy"
"1","359","389","2021-04-14 19:06:31.080","97","79","Buy"
"1","360","-382","2021-04-14 19:06:31.082","101","0","Sell"
"1","361","391","2021-04-14 19:06:31.083","101","41","Sell"
"1","362","392","2021-04-14 19:06:31.084","99","25","Buy"
"1","363","-389","2021-04-14 19:06:31.087","97","0","Buy"
"1","364","-381","2021-04-14 19:06:31.089","98","0","Buy"
"1","365","-385","2021-04-14 19:06:31.091","100","0","Sell"
"1","366","396","2021-04-14 19:06:31.092","0","3041","Buy"
"1","367","397","2021-04-14 19:06:31.094","98","181","Buy"
"1","368","398","2021-04-14 19:06:31.095","98","115","Buy"
"1","369","399","2021-04-14 19:06:31.096","100","22","Buy"
"1","370","400","2021-04-14 19:06:31.097","105","9334","Sell"
"1","371","401","2021-04-14 19:06:31.098","106","28","Sell"
"1","372","402","2021-04-14 19:06:31.099","104","44","Sell"
"1","373","403","2021-04-14 19:06:31.100","101","29","Buy"
"1","374","404","2021-04-14 19:06:31.102","105","38","Sell"
"1","375","405","2021-04-14 19:06:31.103","0","54","Buy"
"1","376","406","2021-04-14 19:06:31.104","106","53","Sell"
"1","377","-392","2021-04-14 19:06:31.107","99","0","Buy"
"1","378","408","2021-04-14 19:06:31.108","104","34","Sell"
"1","379","409","2021-04-14 19:06:31.109","105","25","Sell"
"1","380","410","2021-04-14 19:06:31.111","102","43","Buy"
"1","381","-410","2021-04-14 19:06:31.113","102","0","Buy"
"1","382","412","2021-04-14 19:06:31.115","102","20","Buy"
"1","383","-412","2021-04-14 19:06:31.117","102","0","Buy"
"1","384","-408","2021-04-14 19:06:31.120","104","0","Sell"
"1","385","415","2021-04-14 19:06:31.122","0","63","Sell"
"1","386","416","2021-04-14 19:06:31.123","97","62","Buy"
"1","387","-401","2021-04-14 19:06:31.126","106","0","Sell"
"1","388","-397","2021-04-14 19:06:31.128","98","0","Buy"
"1","389","-416","2021-04-14 19:06:31.130","97","0","Buy"
"1","390","420","2021-04-14 19:06:31.131","0","51","Buy"
"1","391","-398","2021-04-14 19:06:31.133","98","0","Buy"
"1","392","422","2021-04-14 19:06:31.135","100","47","Buy"
"1","393","423","2021-04-14 19:06:31.136","104","43","Sell"
"1","394","424","2021-04-14 19:06:31.137","0","566","Sell"
"1","395","-423","2021-04-14 19:06:31.140","104","0","Sell"
"1","396","426","2021-04-14 19:06:31.141","104","29","Sell"
"1","397","427","2021-04-14 19:06:31.142","97","24","Buy"
"1","398","428","2021-04-14 19:06:31.143","105","31","Sell"
"1","399","429","2021-04-14 19:06:31.144","98","45","Buy"
"1","400","430","2021-04-14 19:06:31.145","0","161","Buy"
"1","401","431","2021-04-14 19:06:31.147","104","33","Sell"
"1","402","432","2021-04-14 19:06:31.148","105","30","Sell"
"1","403","433","2021-04-14 19:06:31.149","99","315","Buy"
"1","404","434","2021-04-14 19:06:31.150","105","29","Sell"
"1","405","-433","2021-04-14 19:06:31.153","99","0","Buy"
"1","406","-427","2021-04-14 19:06:31.155","97","0","Buy"
"1","407","437","2021-04-14 19:06:31.157","105","29","Sell"
"1","408","438","2021-04-14 19:06:31.158","105","27","Sell"
"1","409","439","2021-04-14 19:06:31.159","99","98","Buy"
"1","410","-431","2021-04-14 19:06:31.161","104","0","Sell"
"1","411","441","2021-04-14 19:06:31.162","0","93","Buy"
"1","412","442","2021-04-14 19:06:31.163","98","92","Buy"
"1","413","443","2021-04-14 19:06:31.165","100","35","Buy"
"1","414","444","2021-04-14 19:06:31.166","104","42","Sell"
"1","415","-444","2021-04-14 19:06:31.168","104","0","Sell"
"1","416","-443","2021-04-14 19:06:31.171","100","0","Buy"
"1","417","-439","2021-04-14 19:06:31.173","99","0","Buy"
"1","418","449","2021-04-14 19:06:31.176","99","35","Buy"
"1","419","-432","2021-04-14 19:06:31.179","105","0","Sell"
"1","420","451","2021-04-14 19:06:31.180","0","98","Sell"
"1","421","452","2021-04-14 19:06:31.181","104","30","Sell"
"1","422","453","2021-04-14 19:06:31.183","0","55","Buy"
"1","423","454","2021-04-14 19:06:31.184","99","151","Buy"
"1","424","455","2021-04-14 19:06:31.185","104","50","Sell"
"1","425","456","2021-04-14 19:06:31.186","0","341","Buy"
"1","426","-404","2021-04-14 19:06:31.189","105","0","Sell"
"1","427","458","2021-04-14 19:06:31.190","98","86","Buy"
"1","428","459","2021-04-14 19:06:31.191","0","233","Buy"
"1","429","-406","2021-04-14 19:06:31.193","106","0","Sell"
"1","430","461","2021-04-14 19:06:31.194","100","4587","Buy"
"1","431","-442","2021-04-14 19:06:31.196","98","0","Buy"
"1","432","-461","2021-04-14 19:06:31.199","100","0","Buy"
"1","433","-458","2021-04-14 19:06:31.201","98","0","Buy"
"1","434","-434","2021-04-14 19:06:31.203","105","0","Sell"
"1","435","467","2021-04-14 19:06:31.205","98","267","Buy"
"1","436","-467","2021-04-14 19:06:31.208","98","0","Buy"
"1","437","469","2021-04-14 19:06:31.209","0","481","Sell"
"1","438","470","2021-04-14 19:06:31.210","96","113","Buy"
"1","439","-470","2021-04-14 19:06:31.213","96","0","Buy"
"1","440","472","2021-04-14 19:06:31.214","98","172","Buy"
"1","441","473","2021-04-14 19:06:31.215","99","20","Buy"
"1","442","476","2021-04-14 19:06:31.219","0","152","Buy"
"1","443","-472","2021-04-14 19:06:31.221","98","0","Buy"
"1","444","-473","2021-04-14 19:06:31.224","99","0","Buy"
"1","445","479","2021-04-14 19:06:31.225","104","345","Sell"
"1","446","-437","2021-04-14 19:06:31.227","105","0","Sell"
"1","447","-479","2021-04-14 19:06:31.229","104","0","Sell"
"1","448","483","2021-04-14 19:06:31.231","0","53","Buy"
"1","449","484","2021-04-14 19:06:31.232","104","29","Buy"
"1","450","485","2021-04-14 19:06:31.233","103","24","Buy"
"1","451","-484","2021-04-14 19:06:31.235","104","0","Buy"
"1","452","487","2021-04-14 19:06:31.237","102","28","Buy"
"1","453","488","2021-04-14 19:06:31.238","0","119","Buy"
"1","454","489","2021-04-14 19:06:31.239","0","210","Sell"
"1","455","-428","2021-04-14 19:06:31.241","105","0","Sell"
"1","456","491","2021-04-14 19:06:31.243","104","117","Sell"
"1","457","492","2021-04-14 19:06:31.244","105","24","Sell"
"1","458","494","2021-04-14 19:06:31.245","0","51","Buy"
"1","459","497","2021-04-14 19:06:31.247","0","52","Buy"
"1","460","498","2021-04-14 19:06:31.248","103","32","Sell"
"1","461","500","2021-04-14 19:06:31.250","95","50","Buy"
"1","462","502","2021-04-14 19:06:31.253","96","34","Buy"
"1","463","503","2021-04-14 19:06:31.254","104","23","Sell"
"1","464","-498","2021-04-14 19:06:31.256","103","0","Sell"
"1","465","505","2021-04-14 19:06:31.257","105","33","Sell"
"1","466","506","2021-04-14 19:06:31.259","103","47","Sell"
"1","467","507","2021-04-14 19:06:31.260","97","51","Buy"
"1","468","508","2021-04-14 19:06:31.261","102","30","Sell"
"1","469","509","2021-04-14 19:06:31.262","96","456","Buy"
"1","470","510","2021-04-14 19:06:31.263","0","249","Buy"
"1","471","-507","2021-04-14 19:06:31.265","97","0","Buy"
"1","472","-492","2021-04-14 19:06:31.267","105","0","Sell"
"1","473","-400","2021-04-14 19:06:31.270","105","0","Sell"
"1","474","514","2021-04-14 19:06:31.271","95","23","Buy"
"1","475","516","2021-04-14 19:06:31.273","95","76","Buy"
"1","476","-500","2021-04-14 19:06:31.275","95","0","Buy"
"1","477","518","2021-04-14 19:06:31.277","106","21","Sell"
"1","478","-509","2021-04-14 19:06:31.279","96","0","Buy"
"1","479","520","2021-04-14 19:06:31.280","106","44","Sell"
"1","480","-505","2021-04-14 19:06:31.282","105","0","Sell"
"1","481","522","2021-04-14 19:06:31.284","106","24","Sell"
"1","482","523","2021-04-14 19:06:31.285","104","36","Sell"
"1","483","524","2021-04-14 19:06:31.286","97","31","Buy"
"1","484","-524","2021-04-14 19:06:31.289","97","0","Buy"
"1","485","526","2021-04-14 19:06:31.290","105","41","Sell"
"1","486","527","2021-04-14 19:06:31.291","95","22","Buy"
"1","487","-502","2021-04-14 19:06:31.293","96","0","Buy"
"1","488","529","2021-04-14 19:06:31.294","94","35","Buy"
"1","489","530","2021-04-14 19:06:31.296","94","27","Buy"
"1","490","531","2021-04-14 19:06:31.297","0","54","Sell"
"1","491","-530","2021-04-14 19:06:31.299","94","0","Buy"
"1","492","-523","2021-04-14 19:06:31.301","104","0","Sell"
"1","493","534","2021-04-14 19:06:31.302","104","41","Sell"
"1","494","-529","2021-04-14 19:06:31.305","94","0","Buy"
"1","495","536","2021-04-14 19:06:31.306","94","74","Buy"
"1","496","537","2021-04-14 19:06:31.307","94","385","Buy"
"1","497","538","2021-04-14 19:06:31.309","105","41","Sell"
"1","498","539","2021-04-14 19:06:31.310","0","178","Sell"
"1","499","540","2021-04-14 19:06:31.311","95","41","Buy"
"1","500","541","2021-04-14 19:06:31.312","103","114","Sell"
"1","501","542","2021-04-14 19:06:31.313","96","120","Buy"
"1","502","-542","2021-04-14 19:06:31.316","96","0","Buy"
"1","503","544","2021-04-14 19:06:31.317","104","30","Sell"
"1","504","545","2021-04-14 19:06:31.318","0","60","Buy"
"1","505","546","2021-04-14 19:06:31.320","104","29","Sell"
"1","506","547","2021-04-14 19:06:31.321","104","690","Sell"
"1","507","548","2021-04-14 19:06:31.322","0","59","Sell"
"1","508","-541","2021-04-14 19:06:31.324","103","0","Sell"
"1","509","550","2021-04-14 19:06:31.325","95","231","Buy"
"1","510","551","2021-04-14 19:06:31.326","96","31","Buy"
"1","511","-537","2021-04-14 19:06:31.329","94","0","Buy"
"1","512","-538","2021-04-14 19:06:31.332","105","0","Sell"
"1","513","554","2021-04-14 19:06:31.333","103","23","Sell"
"1","514","-547","2021-04-14 19:06:31.335","104","0","Sell"
"1","515","-551","2021-04-14 19:06:31.338","96","0","Buy"
"1","516","557","2021-04-14 19:06:31.339","102","25","Sell"
"1","517","558","2021-04-14 19:06:31.340","0","91","Buy"
"1","518","559","2021-04-14 19:06:31.342","96","36","Buy"
"1","519","-546","2021-04-14 19:06:31.344","104","0","Sell"
"1","520","-544","2021-04-14 19:06:31.346","104","0","Sell"
"1","521","562","2021-04-14 19:06:31.348","0","89","Sell"
"1","522","563","2021-04-14 19:06:31.349","106","33","Sell"
"1","523","564","2021-04-14 19:06:31.350","0","56","Buy"
"1","524","565","2021-04-14 19:06:31.351","96","2722","Buy"
"1","525","566","2021-04-14 19:06:31.352","95","34","Buy"
"1","526","-526","2021-04-14 19:06:31.355","105","0","Sell"
"1","527","-550","2021-04-14 19:06:31.357","95","0","Buy"
"1","528","569","2021-04-14 19:06:31.358","0","159","Sell"
"1","529","570","2021-04-14 19:06:31.359","0","296","Sell"
"1","530","-566","2021-04-14 19:06:31.361","95","0","Buy"
"1","531","572","2021-04-14 19:06:31.362","97","23","Buy"
"1","532","573","2021-04-14 19:06:31.363","107","45","Sell"
"1","533","-573","2021-04-14 19:06:31.365","107","0","Sell"
"1","534","575","2021-04-14 19:06:31.367","107","37","Sell"
"1","535","-572","2021-04-14 19:06:31.369","97","0","Buy"
"1","536","577","2021-04-14 19:06:31.370","107","35","Sell"
"1","537","578","2021-04-14 19:06:31.371","105","54","Sell"
"1","538","-520","2021-04-14 19:06:31.374","106","0","Sell"
"1","539","-575","2021-04-14 19:06:31.376","107","0","Sell"
"1","540","581","2021-04-14 19:06:31.377","97","258","Buy"
"1","541","-577","2021-04-14 19:06:31.379","107","0","Sell"
"1","542","583","2021-04-14 19:06:31.380","96","120","Buy"
"1","543","584","2021-04-14 19:06:31.382","104","32","Sell"
"1","544","585","2021-04-14 19:06:31.383","105","41","Sell"
"1","545","586","2021-04-14 19:06:31.384","96","34","Buy"
"1","546","587","2021-04-14 19:06:31.385","103","56","Sell"
"1","547","-584","2021-04-14 19:06:31.388","104","0","Sell"
"1","548","-587","2021-04-14 19:06:31.390","103","0","Sell"
"1","549","590","2021-04-14 19:06:31.391","106","32","Sell"
"1","550","-581","2021-04-14 19:06:31.393","97","0","Buy"
"1","551","-563","2021-04-14 19:06:31.396","106","0","Sell"
"1","552","593","2021-04-14 19:06:31.397","97","43","Buy"
"1","553","594","2021-04-14 19:06:31.398","104","20","Sell"
"1","554","595","2021-04-14 19:06:31.399","98","28","Buy"
"1","555","596","2021-04-14 19:06:31.400","103","55","Sell"
"1","556","597","2021-04-14 19:06:31.402","99","50","Buy"
"1","557","-593","2021-04-14 19:06:31.404","97","0","Buy"
"1","558","599","2021-04-14 19:06:31.405","100","47","Buy"
"1","559","600","2021-04-14 19:06:31.407","99","346","Buy"
"1","560","-599","2021-04-14 19:06:31.409","100","0","Buy"
"1","561","602","2021-04-14 19:06:31.410","102","30","Sell"
"1","562","603","2021-04-14 19:06:31.412","98","50","Buy"
"1","563","-602","2021-04-14 19:06:31.414","102","0","Sell"
"1","564","-597","2021-04-14 19:06:31.416","99","0","Buy"
"1","565","-590","2021-04-14 19:06:31.419","106","0","Sell"
"1","566","607","2021-04-14 19:06:31.420","100","193","Buy"
"1","567","608","2021-04-14 19:06:31.422","101","24","Buy"
"1","568","-596","2021-04-14 19:06:31.424","103","0","Sell"
"1","569","-608","2021-04-14 19:06:31.427","101","0","Buy"
"1","570","-518","2021-04-14 19:06:31.429","106","0","Sell"
"1","571","-594","2021-04-14 19:06:31.431","104","0","Sell"
"1","572","613","2021-04-14 19:06:31.432","106","22","Sell"
"1","573","614","2021-04-14 19:06:31.434","0","72","Sell"
"1","574","615","2021-04-14 19:06:31.435","106","365","Sell"
"1","575","616","2021-04-14 19:06:31.436","104","24","Sell"
"1","576","617","2021-04-14 19:06:31.437","103","39","Sell"
"1","577","618","2021-04-14 19:06:31.438","101","35","Buy"
"1","578","619","2021-04-14 19:06:31.440","100","34","Buy"
"1","579","620","2021-04-14 19:06:31.441","102","44","Buy"
"1","580","621","2021-04-14 19:06:31.443","102","32","Buy"
"1","581","622","2021-04-14 19:06:31.444","103","21","Sell"
"1","582","623","2021-04-14 19:06:31.445","0","227","Buy"
"1","583","-615","2021-04-14 19:06:31.448","106","0","Sell"
"1","584","-565","2021-04-14 19:06:31.451","96","0","Buy"
"1","585","-618","2021-04-14 19:06:31.453","101","0","Buy"
"1","586","627","2021-04-14 19:06:31.454","109","23","Sell"
"1","587","628","2021-04-14 19:06:31.456","103","546","Buy"
"1","588","629","2021-04-14 19:06:31.457","102","65","Buy"
"1","589","630","2021-04-14 19:06:31.458","102","21","Buy"
"1","590","631","2021-04-14 19:06:31.459","108","21","Sell"
"1","591","632","2021-04-14 19:06:31.460","104","120","Buy"
"1","592","633","2021-04-14 19:06:31.461","109","20","Sell"
"1","593","-627","2021-04-14 19:06:31.464","109","0","Sell"
"1","594","635","2021-04-14 19:06:31.465","107","24","Sell"
"1","595","636","2021-04-14 19:06:31.466","103","26","Buy"
"1","596","-631","2021-04-14 19:06:31.469","108","0","Sell"
"1","597","-632","2021-04-14 19:06:31.472","104","0","Buy"
"1","598","-635","2021-04-14 19:06:31.474","107","0","Sell"
"1","599","640","2021-04-14 19:06:31.475","108","92","Sell"
"1","600","641","2021-04-14 19:06:31.476","107","133","Sell"
"1","601","-628","2021-04-14 19:06:31.479","103","0","Buy"
"1","602","643","2021-04-14 19:06:31.480","108","63","Sell"
"1","603","644","2021-04-14 19:06:31.482","102","23","Buy"
"1","604","-641","2021-04-14 19:06:31.485","107","0","Sell"
"1","605","646","2021-04-14 19:06:31.486","102","672","Buy"
"1","606","647","2021-04-14 19:06:31.487","102","41","Buy"
"1","607","-640","2021-04-14 19:06:31.490","108","0","Sell"
"1","608","-600","2021-04-14 19:06:31.492","99","0","Buy"
"1","609","650","2021-04-14 19:06:31.493","0","1074","Sell"
"1","610","651","2021-04-14 19:06:31.494","101","28","Buy"
"1","611","652","2021-04-14 19:06:31.495","102","24","Buy"
"1","612","653","2021-04-14 19:06:31.497","107","24","Sell"
"1","613","-653","2021-04-14 19:06:31.499","107","0","Sell"
"1","614","-633","2021-04-14 19:06:31.501","109","0","Sell"
"1","615","656","2021-04-14 19:06:31.503","103","762","Buy"
"1","616","657","2021-04-14 19:06:31.504","107","35","Sell"
"1","617","-595","2021-04-14 19:06:31.506","98","0","Buy"
"1","618","-656","2021-04-14 19:06:31.508","103","0","Buy"
"1","619","660","2021-04-14 19:06:31.509","108","36","Sell"
"1","620","661","2021-04-14 19:06:31.511","108","25","Sell"
"1","621","-652","2021-04-14 19:06:31.513","102","0","Buy"
"1","622","663","2021-04-14 19:06:31.514","0","64","Buy"
"1","623","-586","2021-04-14 19:06:31.516","96","0","Buy"
"1","624","-660","2021-04-14 19:06:31.519","108","0","Sell"
"1","625","-661","2021-04-14 19:06:31.521","108","0","Sell"
"1","626","667","2021-04-14 19:06:31.522","0","1276","Buy"
"1","627","668","2021-04-14 19:06:31.523","100","1438","Buy"
"1","628","669","2021-04-14 19:06:31.525","102","22","Buy"
"1","629","670","2021-04-14 19:06:31.526","108","35","Sell"
"1","630","671","2021-04-14 19:06:31.527","101","28","Buy"
"1","631","-619","2021-04-14 19:06:31.529","100","0","Buy"
"1","632","673","2021-04-14 19:06:31.530","103","47","Buy"
"1","633","-670","2021-04-14 19:06:31.533","108","0","Sell"
"1","634","675","2021-04-14 19:06:31.534","104","32","Buy"
"1","635","676","2021-04-14 19:06:31.535","105","74","Buy"
"1","636","677","2021-04-14 19:06:31.536","104","32","Buy"
"1","637","678","2021-04-14 19:06:31.537","106","22","Buy"
"1","638","679","2021-04-14 19:06:31.538","110","52","Sell"
"1","639","680","2021-04-14 19:06:31.540","109","29","Sell"
"1","640","681","2021-04-14 19:06:31.541","107","66","Buy"
"1","641","-679","2021-04-14 19:06:31.543","110","0","Sell"
"1","642","683","2021-04-14 19:06:31.545","108","502","Sell"
"1","643","-680","2021-04-14 19:06:31.547","109","0","Sell"
"1","644","685","2021-04-14 19:06:31.549","107","42","Buy"
"1","645","686","2021-04-14 19:06:31.550","106","43","Buy"
"1","646","-683","2021-04-14 19:06:31.552","108","0","Sell"
"1","647","688","2021-04-14 19:06:31.554","110","35","Sell"
"1","648","689","2021-04-14 19:06:31.555","0","55","Sell"
"1","649","690","2021-04-14 19:06:31.556","111","27","Sell"
"1","650","-688","2021-04-14 19:06:31.559","110","0","Sell"
"1","651","692","2021-04-14 19:06:31.560","112","306","Sell"
"1","652","693","2021-04-14 19:06:31.561","0","67","Sell"
"1","653","694","2021-04-14 19:06:31.562","0","272","Sell"
"1","654","695","2021-04-14 19:06:31.563","102","23","Buy"
"1","655","696","2021-04-14 19:06:31.564","101","26","Buy"
"1","656","697","2021-04-14 19:06:31.565","112","33","Sell"
"1","657","-690","2021-04-14 19:06:31.568","111","0","Sell"
"1","658","699","2021-04-14 19:06:31.569","0","1092","Buy"
"1","659","700","2021-04-14 19:06:31.571","103","28","Buy"
"1","660","701","2021-04-14 19:06:31.572","105","20","Sell"
"1","661","702","2021-04-14 19:06:31.573","104","110","Sell"
"1","662","703","2021-04-14 19:06:31.574","0","101","Sell"
"1","663","704","2021-04-14 19:06:31.575","0","123","Sell"
"1","664","705","2021-04-14 19:06:31.577","101","88","Buy"
"1","665","-583","2021-04-14 19:06:31.579","96","0","Buy"
"1","666","707","2021-04-14 19:06:31.580","0","337","Buy"
"1","667","708","2021-04-14 19:06:31.582","104","33","Sell"
"1","668","709","2021-04-14 19:06:31.583","105","25","Sell"
"1","669","710","2021-04-14 19:06:31.584","102","32","Buy"
"1","670","-708","2021-04-14 19:06:31.587","104","0","Sell"
"1","671","712","2021-04-14 19:06:31.588","0","306","Buy"
"1","672","-710","2021-04-14 19:06:31.590","102","0","Buy"
"1","673","714","2021-04-14 19:06:31.592","100","25","Buy"
"1","674","715","2021-04-14 19:06:31.593","102","37","Buy"
"1","675","716","2021-04-14 19:06:31.594","112","151","Sell"
"1","676","717","2021-04-14 19:06:31.595","113","37","Sell"
"1","677","718","2021-04-14 19:06:31.596","103","100","Buy"
"1","678","719","2021-04-14 19:06:31.597","102","71","Buy"
"1","679","720","2021-04-14 19:06:31.599","104","136","Buy"
"1","680","-714","2021-04-14 19:06:31.601","100","0","Buy"
"1","681","722","2021-04-14 19:06:31.602","111","59","Sell"
"1","682","723","2021-04-14 19:06:31.603","0","207","Sell"
"1","683","724","2021-04-14 19:06:31.604","102","23","Buy"
"1","684","725","2021-04-14 19:06:31.605","104","30","Buy"
"1","685","726","2021-04-14 19:06:31.607","112","66","Sell"
"1","686","-724","2021-04-14 19:06:31.609","102","0","Buy"
"1","687","-722","2021-04-14 19:06:31.612","111","0","Sell"
"1","688","-717","2021-04-14 19:06:31.614","113","0","Sell"
"1","689","-603","2021-04-14 19:06:31.616","98","0","Buy"
"1","690","731","2021-04-14 19:06:31.618","105","44","Buy"
"1","691","732","2021-04-14 19:06:31.619","111","28","Sell"
"1","692","733","2021-04-14 19:06:31.620","106","20","Buy"
"1","693","-726","2021-04-14 19:06:31.623","112","0","Sell"
"1","694","735","2021-04-14 19:06:31.624","0","113","Buy"
"1","695","-733","2021-04-14 19:06:31.627","106","0","Buy"
"1","696","737","2021-04-14 19:06:31.628","113","134","Sell"
"1","697","738","2021-04-14 19:06:31.629","104","155","Buy"
"1","698","-731","2021-04-14 19:06:31.631","105","0","Buy"
"1","699","740","2021-04-14 19:06:31.632","103","28","Buy"
"1","700","-716","2021-04-14 19:06:31.635","112","0","Sell"
"1","701","-719","2021-04-14 19:06:31.637","102","0","Buy"
"1","702","-668","2021-04-14 19:06:31.639","100","0","Buy"
"1","703","744","2021-04-14 19:06:31.640","0","96","Sell"
"1","704","745","2021-04-14 19:06:31.642","0","222","Sell"
"1","705","-737","2021-04-14 19:06:31.644","113","0","Sell"
"1","706","747","2021-04-14 19:06:31.645","102","80","Buy"
"1","707","749","2021-04-14 19:06:31.647","109","29","Sell"
"1","708","750","2021-04-14 19:06:31.648","108","28","Sell"
"1","709","751","2021-04-14 19:06:31.649","0","132","Sell"
"1","710","752","2021-04-14 19:06:31.650","109","57","Sell"
"1","711","753","2021-04-14 19:06:31.652","101","24","Buy"
"1","712","754","2021-04-14 19:06:31.653","100","34","Buy"
"1","713","755","2021-04-14 19:06:31.654","107","28","Sell"
"1","714","756","2021-04-14 19:06:31.656","108","99","Sell"
"1","715","-753","2021-04-14 19:06:31.658","101","0","Buy"
"1","716","758","2021-04-14 19:06:31.660","0","87","Sell"
"1","717","759","2021-04-14 19:06:31.661","102","30","Buy"
"1","718","762","2021-04-14 19:06:31.666","101","42","Buy"
"1","719","-755","2021-04-14 19:06:31.668","107","0","Sell"
"1","720","764","2021-04-14 19:06:31.669","103","127","Buy"
"1","721","-759","2021-04-14 19:06:31.671","102","0","Buy"
"1","722","766","2021-04-14 19:06:31.672","107","20","Sell"
"1","723","767","2021-04-14 19:06:31.674","102","145","Buy"
"1","724","-767","2021-04-14 19:06:31.676","102","0","Buy"
"1","725","769","2021-04-14 19:06:31.677","104","24","Buy"
"1","726","-764","2021-04-14 19:06:31.680","103","0","Buy"
"1","727","771","2021-04-14 19:06:31.681","105","35","Buy"
"1","728","-766","2021-04-14 19:06:31.683","107","0","Sell"
"1","729","773","2021-04-14 19:06:31.684","0","80","Sell"
"1","730","774","2021-04-14 19:06:31.685","109","41","Sell"
"1","731","775","2021-04-14 19:06:31.687","107","33","Sell"
"1","732","-762","2021-04-14 19:06:31.689","101","0","Buy"
"1","733","-756","2021-04-14 19:06:31.692","108","0","Sell"
"1","734","778","2021-04-14 19:06:31.693","100","37","Buy"
"1","735","-750","2021-04-14 19:06:31.695","108","0","Sell"
"1","736","-775","2021-04-14 19:06:31.697","107","0","Sell"
"1","737","781","2021-04-14 19:06:31.698","110","20","Sell"
"1","738","-778","2021-04-14 19:06:31.700","100","0","Buy"
"1","739","-781","2021-04-14 19:06:31.702","110","0","Sell"
"1","740","785","2021-04-14 19:06:31.704","0","73","Buy"
"1","741","787","2021-04-14 19:06:31.706","110","632","Sell"
"1","742","-752","2021-04-14 19:06:31.708","109","0","Sell"
"1","743","790","2021-04-14 19:06:31.709","106","119","Buy"
"1","744","791","2021-04-14 19:06:31.710","108","24","Sell"
"1","745","792","2021-04-14 19:06:31.712","0","51","Buy"
"1","746","793","2021-04-14 19:06:31.713","110","34","Sell"
"1","747","794","2021-04-14 19:06:31.714","108","20","Sell"
"1","748","795","2021-04-14 19:06:31.715","109","82","Sell"
"1","749","-794","2021-04-14 19:06:31.719","108","0","Sell"
"1","750","800","2021-04-14 19:06:31.723","105","99","Buy"
"1","751","801","2021-04-14 19:06:31.724","108","77","Sell"
"1","752","802","2021-04-14 19:06:31.725","109","29","Sell"
"1","753","803","2021-04-14 19:06:31.726","107","34","Buy"
"1","754","-801","2021-04-14 19:06:31.728","108","0","Sell"
"1","755","-790","2021-04-14 19:06:31.731","106","0","Buy"
"1","756","806","2021-04-14 19:06:31.732","110","22","Sell"
"1","757","807","2021-04-14 19:06:31.733","108","141","Buy"
"1","758","-802","2021-04-14 19:06:31.735","109","0","Sell"
"1","759","809","2021-04-14 19:06:31.736","0","69","Sell"
"1","760","-793","2021-04-14 19:06:31.739","110","0","Sell"
"1","761","811","2021-04-14 19:06:31.740","110","26","Sell"
"1","762","812","2021-04-14 19:06:31.741","108","31","Buy"
"1","763","813","2021-04-14 19:06:31.742","110","138","Sell"
"1","764","-807","2021-04-14 19:06:31.745","108","0","Buy"
"1","765","-774","2021-04-14 19:06:31.747","109","0","Sell"
"1","766","-811","2021-04-14 19:06:31.750","110","0","Sell"
"1","767","817","2021-04-14 19:06:31.751","109","21","Sell"
"1","768","818","2021-04-14 19:06:31.753","110","34","Sell"
"1","769","819","2021-04-14 19:06:31.754","110","46","Sell"
"1","770","820","2021-04-14 19:06:31.755","110","27","Sell"
"1","771","821","2021-04-14 19:06:31.757","108","46","Buy"
"1","772","822","2021-04-14 19:06:31.758","107","37","Buy"
"1","773","-818","2021-04-14 19:06:31.761","110","0","Sell"
"1","774","824","2021-04-14 19:06:31.762","108","20","Buy"
"1","775","-824","2021-04-14 19:06:31.765","108","0","Buy"
"1","776","826","2021-04-14 19:06:31.766","107","41","Buy"
"1","777","827","2021-04-14 19:06:31.767","0","72","Sell"
"1","778","828","2021-04-14 19:06:31.768","107","22","Buy"
"1","779","-787","2021-04-14 19:06:31.771","110","0","Sell"
"1","780","-813","2021-04-14 19:06:31.774","110","0","Sell"
"1","781","-821","2021-04-14 19:06:31.776","108","0","Buy"
"1","782","-800","2021-04-14 19:06:31.779","105","0","Buy"
"1","783","833","2021-04-14 19:06:31.780","110","23","Sell"
"1","784","-795","2021-04-14 19:06:31.783","109","0","Sell"
"1","785","835","2021-04-14 19:06:31.784","0","50","Sell"
"1","786","836","2021-04-14 19:06:31.785","0","116","Buy"
"1","787","837","2021-04-14 19:06:31.787","109","26","Sell"
"1","788","838","2021-04-14 19:06:31.788","0","150","Buy"
"1","789","842","2021-04-14 19:06:31.791","114","24","Sell"
"1","790","843","2021-04-14 19:06:31.792","106","25","Buy"
"1","791","844","2021-04-14 19:06:31.793","106","28","Buy"
"1","792","845","2021-04-14 19:06:31.795","0","127","Sell"
"1","793","-842","2021-04-14 19:06:31.799","114","0","Sell"
"1","794","849","2021-04-14 19:06:31.801","116","22","Sell"
"1","795","850","2021-04-14 19:06:31.802","105","29","Buy"
"1","796","851","2021-04-14 19:06:31.803","117","20","Sell"
"1","797","852","2021-04-14 19:06:31.804","117","38","Sell"
"1","798","-850","2021-04-14 19:06:31.807","105","0","Buy"
"1","799","-849","2021-04-14 19:06:31.809","116","0","Sell"
"1","800","855","2021-04-14 19:06:31.810","118","20","Sell"
"1","801","857","2021-04-14 19:06:31.813","0","55","Sell"
"1","802","858","2021-04-14 19:06:31.814","0","108","Buy"
"1","803","860","2021-04-14 19:06:31.816","113","21","Buy"
"1","804","862","2021-04-14 19:06:31.817","117","40","Sell"
"1","805","863","2021-04-14 19:06:31.819","118","974","Sell"
"1","806","864","2021-04-14 19:06:31.820","0","71","Sell"
"1","807","867","2021-04-14 19:06:31.822","116","27","Sell"
"1","808","868","2021-04-14 19:06:31.823","117","33","Sell"
"1","809","869","2021-04-14 19:06:31.824","115","125","Sell"
"1","810","-869","2021-04-14 19:06:31.826","115","0","Sell"
"1","811","871","2021-04-14 19:06:31.827","107","64","Buy"
"1","812","-868","2021-04-14 19:06:31.829","117","0","Sell"
"1","813","-863","2021-04-14 19:06:31.831","118","0","Sell"
"1","814","-867","2021-04-14 19:06:31.834","116","0","Sell"
"1","815","875","2021-04-14 19:06:31.835","116","140","Sell"
"1","816","876","2021-04-14 19:06:31.836","115","32","Sell"
"1","817","877","2021-04-14 19:06:31.837","108","20","Buy"
"1","818","878","2021-04-14 19:06:31.838","114","24","Sell"
"1","819","879","2021-04-14 19:06:31.839","113","5869","Sell"
"1","820","880","2021-04-14 19:06:31.840","0","618","Sell"
"1","821","881","2021-04-14 19:06:31.842","112","22","Sell"
"1","822","884","2021-04-14 19:06:31.844","113","83","Sell"
"1","823","885","2021-04-14 19:06:31.845","104","75","Buy"
"1","824","886","2021-04-14 19:06:31.847","111","29","Sell"
"1","825","-875","2021-04-14 19:06:31.849","116","0","Sell"
"1","826","-885","2021-04-14 19:06:31.851","104","0","Buy"
"1","827","891","2021-04-14 19:06:31.853","110","53","Sell"
"1","828","892","2021-04-14 19:06:31.855","109","32","Sell"
"1","829","-892","2021-04-14 19:06:31.857","109","0","Sell"
"1","830","894","2021-04-14 19:06:31.858","105","29","Buy"
"1","831","-878","2021-04-14 19:06:31.862","114","0","Sell"
"1","832","897","2021-04-14 19:06:31.863","0","79","Sell"
"1","833","899","2021-04-14 19:06:31.864","102","95","Buy"
"1","834","900","2021-04-14 19:06:31.865","0","191","Buy"
"1","835","902","2021-04-14 19:06:31.868","0","110","Buy"
"1","836","903","2021-04-14 19:06:31.869","0","60","Buy"
"1","837","904","2021-04-14 19:06:31.870","114","92","Sell"
"1","838","905","2021-04-14 19:06:31.871","114","21","Sell"
"1","839","-884","2021-04-14 19:06:31.874","113","0","Sell"
"1","840","-899","2021-04-14 19:06:31.878","102","0","Buy"
"1","841","-862","2021-04-14 19:06:31.880","117","0","Sell"
"1","842","910","2021-04-14 19:06:31.881","110","116990","Buy"
"1","843","-876","2021-04-14 19:06:31.883","115","0","Sell"
"1","844","-910","2021-04-14 19:06:31.885","110","0","Buy"
"1","845","913","2021-04-14 19:06:31.887","0","60","Buy"
"1","846","915","2021-04-14 19:06:31.888","104","22","Buy"
"1","847","916","2021-04-14 19:06:31.890","0","57","Sell"
"1","848","-904","2021-04-14 19:06:31.892","114","0","Sell"
"1","849","918","2021-04-14 19:06:31.893","114","34","Sell"
"1","850","919","2021-04-14 19:06:31.895","114","25","Sell"
"1","851","921","2021-04-14 19:06:31.896","111","56","Buy"
"1","852","-879","2021-04-14 19:06:31.898","113","0","Sell"
"1","853","923","2021-04-14 19:06:31.900","115","81","Sell"
"1","854","-921","2021-04-14 19:06:31.902","111","0","Buy"
"1","855","-918","2021-04-14 19:06:31.904","114","0","Sell"
"1","856","926","2021-04-14 19:06:31.905","113","24","Sell"
"1","857","927","2021-04-14 19:06:31.907","0","125","Buy"
"1","858","928","2021-04-14 19:06:31.908","114","64","Sell"
"1","859","-923","2021-04-14 19:06:31.910","115","0","Sell"
"1","860","930","2021-04-14 19:06:31.912","113","24","Sell"
"1","861","932","2021-04-14 19:06:31.913","110","154","Buy"
"1","862","-930","2021-04-14 19:06:31.915","113","0","Sell"
"1","863","-928","2021-04-14 19:06:31.917","114","0","Sell"
"1","864","936","2021-04-14 19:06:31.920","109","135","Buy"
"1","865","937","2021-04-14 19:06:31.922","109","43","Buy"
"1","866","938","2021-04-14 19:06:31.923","115","218","Sell"
"1","867","939","2021-04-14 19:06:31.924","0","57","Buy"
"1","868","940","2021-04-14 19:06:31.925","0","73","Buy"
"1","869","941","2021-04-14 19:06:31.926","114","36","Sell"
"1","870","942","2021-04-14 19:06:31.927","113","27","Sell"
"1","871","943","2021-04-14 19:06:31.929","112","32","Sell"
"1","872","944","2021-04-14 19:06:31.930","109","30","Buy"
"1","873","945","2021-04-14 19:06:31.931","113","34","Sell"
"1","874","946","2021-04-14 19:06:31.932","111","29","Buy"
"1","875","947","2021-04-14 19:06:31.934","111","77","Buy"
"1","876","948","2021-04-14 19:06:31.935","112","25","Sell"
"1","877","-948","2021-04-14 19:06:31.937","112","0","Sell"
"1","878","950","2021-04-14 19:06:31.938","110","25","Buy"
"1","879","951","2021-04-14 19:06:31.939","113","46","Sell"
"1","880","-946","2021-04-14 19:06:31.942","111","0","Buy"
"1","881","953","2021-04-14 19:06:31.943","0","194","Sell"
"1","882","-943","2021-04-14 19:06:31.946","112","0","Sell"
"1","883","-950","2021-04-14 19:06:31.949","110","0","Buy"
"1","884","956","2021-04-14 19:06:31.950","114","30","Sell"
"1","885","957","2021-04-14 19:06:31.951","114","45","Sell"
"1","886","958","2021-04-14 19:06:31.952","0","93","Buy"
"1","887","959","2021-04-14 19:06:31.953","111","21","Buy"
"1","888","960","2021-04-14 19:06:31.954","110","168","Buy"
"1","889","961","2021-04-14 19:06:31.956","0","128","Buy"
"1","890","962","2021-04-14 19:06:31.957","114","26","Sell"
"1","891","963","2021-04-14 19:06:31.958","0","111","Buy"
"1","892","964","2021-04-14 19:06:31.959","0","450","Sell"
"1","893","965","2021-04-14 19:06:31.961","110","263","Buy"
"1","894","966","2021-04-14 19:06:31.962","111","36","Buy"
"1","895","967","2021-04-14 19:06:31.963","115","60","Sell"
"1","896","968","2021-04-14 19:06:31.965","0","57","Buy"
"1","897","969","2021-04-14 19:06:31.966","110","36","Buy"
"1","898","970","2021-04-14 19:06:31.967","112","31","Buy"
"1","899","971","2021-04-14 19:06:31.968","113","74","Buy"
"1","900","972","2021-04-14 19:06:31.969","114","52","Buy"
"1","901","-972","2021-04-14 19:06:31.971","114","0","Buy"
"1","902","974","2021-04-14 19:06:31.972","112","22","Buy"
"1","903","975","2021-04-14 19:06:31.974","114","79","Buy"
"1","904","976","2021-04-14 19:06:31.975","115","68","Sell"
"1","905","977","2021-04-14 19:06:31.976","113","22","Buy"
"1","906","-976","2021-04-14 19:06:31.979","115","0","Sell"
"1","907","979","2021-04-14 19:06:31.980","0","63","Buy"
"1","908","981","2021-04-14 19:06:31.982","0","749","Sell"
"1","909","982","2021-04-14 19:06:31.983","116","29","Sell"
"1","910","983","2021-04-14 19:06:31.984","115","72","Buy"
"1","911","984","2021-04-14 19:06:31.985","117","40","Sell"
"1","912","985","2021-04-14 19:06:31.987","0","458","Buy"
"1","913","-983","2021-04-14 19:06:31.989","115","0","Buy"
"1","914","988","2021-04-14 19:06:31.990","109","39","Buy"
"1","915","989","2021-04-14 19:06:31.992","110","34","Buy"
"1","916","-989","2021-04-14 19:06:31.994","110","0","Buy"
"1","917","-988","2021-04-14 19:06:31.996","109","0","Buy"
"1","918","993","2021-04-14 19:06:31.998","111","267","Sell"
"1","919","994","2021-04-14 19:06:31.999","0","57","Buy"
"1","920","995","2021-04-14 19:06:32.000","109","51","Buy"
"1","921","996","2021-04-14 19:06:32.001","108","68","Buy"
"1","922","997","2021-04-14 19:06:32.002","110","29","Buy"
"1","923","999","2021-04-14 19:06:32.005","110","39","Buy"
"1","924","1000","2021-04-14 19:06:32.006","109","35","Buy"
"1","925","-997","2021-04-14 19:06:32.009","110","0","Buy"
"1","926","-993","2021-04-14 19:06:32.012","111","0","Sell"
"1","927","1004","2021-04-14 19:06:32.013","109","1811","Buy"
"1","928","1005","2021-04-14 19:06:32.014","109","23","Buy"
"1","929","-999","2021-04-14 19:06:32.017","110","0","Buy"
"1","930","1009","2021-04-14 19:06:32.019","0","80","Sell"
"1","931","1010","2021-04-14 19:06:32.020","116","71","Sell"
"1","932","1011","2021-04-14 19:06:32.021","0","114","Sell"
"1","933","1012","2021-04-14 19:06:32.023","108","47","Buy"
"1","934","1013","2021-04-14 19:06:32.024","115","26","Sell"
"1","935","1014","2021-04-14 19:06:32.025","108","51","Buy"
"1","936","1015","2021-04-14 19:06:32.026","108","65","Buy"
"1","937","1016","2021-04-14 19:06:32.027","116","82","Sell"
"1","938","1017","2021-04-14 19:06:32.028","114","27","Sell"
"1","939","1018","2021-04-14 19:06:32.029","115","28","Sell"
"1","940","-996","2021-04-14 19:06:32.032","108","0","Buy"
"1","941","1020","2021-04-14 19:06:32.033","108","70","Buy"
"1","942","1021","2021-04-14 19:06:32.034","0","82","Buy"
"1","943","1022","2021-04-14 19:06:32.036","117","22","Sell"
"1","944","1023","2021-04-14 19:06:32.037","115","38","Sell"
"1","945","-1022","2021-04-14 19:06:32.039","117","0","Sell"
"1","946","1025","2021-04-14 19:06:32.040","108","52","Buy"
"1","947","1026","2021-04-14 19:06:32.041","114","33","Sell"
"1","948","-1016","2021-04-14 19:06:32.044","116","0","Sell"
"1","949","-1010","2021-04-14 19:06:32.046","116","0","Sell"
"1","950","-1004","2021-04-14 19:06:32.049","109","0","Buy"
"1","951","1030","2021-04-14 19:06:32.050","115","52","Sell"
"1","952","-1023","2021-04-14 19:06:32.052","115","0","Sell"
"1","953","-1005","2021-04-14 19:06:32.054","109","0","Buy"
"1","954","1033","2021-04-14 19:06:32.055","107","54","Buy"
"1","955","-1026","2021-04-14 19:06:32.057","114","0","Sell"
"1","956","-1033","2021-04-14 19:06:32.059","107","0","Buy"
"1","957","1036","2021-04-14 19:06:32.060","116","26","Sell"
"1","958","1037","2021-04-14 19:06:32.061","116","29","Sell"
"1","959","1038","2021-04-14 19:06:32.062","114","64","Sell"
"1","960","-1037","2021-04-14 19:06:32.065","116","0","Sell"
"1","961","1040","2021-04-14 19:06:32.065","107","21","Buy"
"1","962","-1038","2021-04-14 19:06:32.068","114","0","Sell"
"1","963","1042","2021-04-14 19:06:32.069","109","33","Buy"
"1","964","-1030","2021-04-14 19:06:32.071","115","0","Sell"
"1","965","-1012","2021-04-14 19:06:32.073","108","0","Buy"
"1","966","1046","2021-04-14 19:06:32.076","110","21","Buy"
"1","967","1047","2021-04-14 19:06:32.077","111","77","Buy"
"1","968","1048","2021-04-14 19:06:32.078","110","20","Buy"
"1","969","1049","2021-04-14 19:06:32.079","115","41","Sell"
"1","970","-1047","2021-04-14 19:06:32.081","111","0","Buy"
"1","971","1051","2021-04-14 19:06:32.083","114","52","Sell"
"1","972","1052","2021-04-14 19:06:32.084","111","32","Buy"
"1","973","-1049","2021-04-14 19:06:32.087","115","0","Sell"
"1","974","-1051","2021-04-14 19:06:32.089","114","0","Sell"
"1","975","1056","2021-04-14 19:06:32.092","110","417","Buy"
"1","976","1057","2021-04-14 19:06:32.093","112","1226","Buy"
"1","977","-1014","2021-04-14 19:06:32.095","108","0","Buy"
"1","978","-1036","2021-04-14 19:06:32.097","116","0","Sell"
"1","979","1060","2021-04-14 19:06:32.099","118","20","Sell"
"1","980","-1057","2021-04-14 19:06:32.101","112","0","Buy"
"1","981","1062","2021-04-14 19:06:32.102","117","177","Sell"
"1","982","1063","2021-04-14 19:06:32.103","118","40","Sell"
"1","983","1064","2021-04-14 19:06:32.104","0","58","Buy"
"1","984","1065","2021-04-14 19:06:32.106","116","1322","Sell"
"1","985","1066","2021-04-14 19:06:32.107","112","32","Buy"
"1","986","1067","2021-04-14 19:06:32.108","0","74","Buy"
"1","987","-1066","2021-04-14 19:06:32.111","112","0","Buy"
"1","988","1069","2021-04-14 19:06:32.112","112","37","Buy"
"1","989","1070","2021-04-14 19:06:32.113","111","34","Buy"
"1","990","1071","2021-04-14 19:06:32.114","0","63","Buy"
"1","991","-1069","2021-04-14 19:06:32.116","112","0","Buy"
"1","992","1073","2021-04-14 19:06:32.118","0","112","Sell"
"1","993","-1060","2021-04-14 19:06:32.121","118","0","Sell"
"1","994","1075","2021-04-14 19:06:32.122","117","55","Sell"
"1","995","1076","2021-04-14 19:06:32.123","115","22","Sell"
"1","996","-1075","2021-04-14 19:06:32.126","117","0","Sell"
"1","997","-1015","2021-04-14 19:06:32.128","108","0","Buy"
"1","998","1079","2021-04-14 19:06:32.130","114","32","Sell"
"1","999","1080","2021-04-14 19:06:32.131","111","52","Buy"
"1","1000","1081","2021-04-14 19:06:32.132","113","69","Sell"
"1","1001","-1081","2021-04-14 19:06:32.134","113","0","Sell"
"1","1002","-1079","2021-04-14 19:06:32.136","114","0","Sell"
"1","1003","-1042","2021-04-14 19:06:32.139","109","0","Buy"
"1","1004","1085","2021-04-14 19:06:32.140","114","328","Sell"
"1","1005","-1080","2021-04-14 19:06:32.143","111","0","Buy"
"1","1006","-1056","2021-04-14 19:06:32.145","110","0","Buy"
"1","1007","1088","2021-04-14 19:06:32.147","109","35","Buy"
"1","1008","1089","2021-04-14 19:06:32.148","110","52","Buy"
"1","1009","1090","2021-04-14 19:06:32.149","111","45","Buy"
"1","1010","-1090","2021-04-14 19:06:32.151","111","0","Buy"
"1","1011","1092","2021-04-14 19:06:32.153","109","367","Buy"
"1","1012","1093","2021-04-14 19:06:32.154","115","147","Sell"
"1","1013","1094","2021-04-14 19:06:32.156","115","69","Sell"
"1","1014","1095","2021-04-14 19:06:32.157","115","50","Sell"
"1","1015","1096","2021-04-14 19:06:32.158","115","21","Sell"
"1","1016","1097","2021-04-14 19:06:32.159","111","81","Buy"
"1","1017","1098","2021-04-14 19:06:32.160","110","50","Buy"
"1","1018","-1040","2021-04-14 19:06:32.163","107","0","Buy"
"1","1019","1100","2021-04-14 19:06:32.164","113","25","Sell"
"1","1020","-1097","2021-04-14 19:06:32.167","111","0","Buy"
"1","1021","-1089","2021-04-14 19:06:32.170","110","0","Buy"
"1","1022","1103","2021-04-14 19:06:32.171","0","62","Sell"
"1","1023","1104","2021-04-14 19:06:32.172","0","68","Sell"
"1","1024","-1092","2021-04-14 19:06:32.175","109","0","Buy"
"1","1025","1106","2021-04-14 19:06:32.176","109","96","Buy"
"1","1026","-1100","2021-04-14 19:06:32.179","113","0","Sell"
"1","1027","1108","2021-04-14 19:06:32.180","0","78","Sell"
"1","1028","-1106","2021-04-14 19:06:32.182","109","0","Buy"
"1","1029","1110","2021-04-14 19:06:32.184","107","38","Buy"
"1","1030","1111","2021-04-14 19:06:32.185","0","15067","Buy"
"1","1031","-1110","2021-04-14 19:06:32.187","107","0","Buy"
"1","1032","-1025","2021-04-14 19:06:32.190","108","0","Buy"
"1","1033","1116","2021-04-14 19:06:32.191","116","53","Sell"
"1","1034","1117","2021-04-14 19:06:32.192","109","90","Buy"
"1","1035","-1117","2021-04-14 19:06:32.196","109","0","Buy"
"1","1036","1120","2021-04-14 19:06:32.197","109","47","Buy"
"1","1037","1121","2021-04-14 19:06:32.198","117","54","Sell"
"1","1038","1122","2021-04-14 19:06:32.199","0","156","Buy"
"1","1039","1123","2021-04-14 19:06:32.200","110","129","Sell"
"1","1040","1124","2021-04-14 19:06:32.201","108","29","Buy"
"1","1041","1125","2021-04-14 19:06:32.203","108","25","Buy"
"1","1042","-1123","2021-04-14 19:06:32.205","110","0","Sell"
"1","1043","1127","2021-04-14 19:06:32.206","110","33","Buy"
"1","1044","1128","2021-04-14 19:06:32.207","115","691","Sell"
"1","1045","1129","2021-04-14 19:06:32.209","116","62","Sell"
"1","1046","1130","2021-04-14 19:06:32.210","0","66","Buy"
"1","1047","-1129","2021-04-14 19:06:32.213","116","0","Sell"
"1","1048","1132","2021-04-14 19:06:32.214","116","23","Sell"
"1","1049","1133","2021-04-14 19:06:32.215","0","88","Sell"
"1","1050","1134","2021-04-14 19:06:32.216","0","393","Sell"
"1","1051","-1132","2021-04-14 19:06:32.218","116","0","Sell"
"1","1052","1136","2021-04-14 19:06:32.220","111","113","Buy"
"1","1053","1137","2021-04-14 19:06:32.221","116","26","Sell"
"1","1054","-1136","2021-04-14 19:06:32.224","111","0","Buy"
"1","1055","1139","2021-04-14 19:06:32.225","0","892","Buy"
"1","1056","1140","2021-04-14 19:06:32.227","115","60","Sell"
"1","1057","-1140","2021-04-14 19:06:32.229","115","0","Sell"
"1","1058","1143","2021-04-14 19:06:32.230","118","22","Sell"
"1","1059","1144","2021-04-14 19:06:32.231","119","120","Sell"
"1","1060","1145","2021-04-14 19:06:32.232","117","2680","Sell"
"1","1061","1147","2021-04-14 19:06:32.234","113","24","Buy"
"1","1062","1148","2021-04-14 19:06:32.235","112","30","Buy"
"1","1063","-1147","2021-04-14 19:06:32.237","113","0","Buy"
"1","1064","1150","2021-04-14 19:06:32.239","113","23","Buy"
"1","1065","-1148","2021-04-14 19:06:32.241","112","0","Buy"
"1","1066","1152","2021-04-14 19:06:32.242","118","79","Sell"
"1","1067","1153","2021-04-14 19:06:32.244","118","1045","Sell"
"1","1068","-1143","2021-04-14 19:06:32.246","118","0","Sell"
"1","1069","1156","2021-04-14 19:06:32.248","112","25","Buy"
"1","1070","1157","2021-04-14 19:06:32.250","118","43","Sell"
"1","1071","-1150","2021-04-14 19:06:32.252","113","0","Buy"
"1","1072","1159","2021-04-14 19:06:32.253","118","224","Sell"
"1","1073","1160","2021-04-14 19:06:32.255","0","51","Buy"
"1","1074","1161","2021-04-14 19:06:32.256","111","41","Buy"
"1","1075","1162","2021-04-14 19:06:32.257","111","80","Buy"
"1","1076","1163","2021-04-14 19:06:32.258","116","94","Sell"
"1","1077","1164","2021-04-14 19:06:32.260","0","94","Buy"
"1","1078","-1156","2021-04-14 19:06:32.262","112","0","Buy"
"1","1079","1166","2021-04-14 19:06:32.264","116","43","Sell"
"1","1080","-1161","2021-04-14 19:06:32.266","111","0","Buy"
"1","1081","1168","2021-04-14 19:06:32.267","110","20","Buy"
"1","1082","-1166","2021-04-14 19:06:32.270","116","0","Sell"
"1","1083","1170","2021-04-14 19:06:32.271","0","56","Buy"
"1","1084","1171","2021-04-14 19:06:32.272","112","33","Buy"
"1","1085","1172","2021-04-14 19:06:32.274","111","180","Buy"
"1","1086","-1145","2021-04-14 19:06:32.276","117","0","Sell"
"1","1087","-1144","2021-04-14 19:06:32.279","119","0","Sell"
"1","1088","1175","2021-04-14 19:06:32.280","113","2679","Buy"
"1","1089","1176","2021-04-14 19:06:32.281","0","69","Buy"
"1","1090","1178","2021-04-14 19:06:32.284","117","123","Sell"
"1","1091","1179","2021-04-14 19:06:32.285","114","41","Buy"
"1","1092","-1179","2021-04-14 19:06:32.288","114","0","Buy"
"1","1093","-1178","2021-04-14 19:06:32.291","117","0","Sell"
"1","1094","1182","2021-04-14 19:06:32.292","112","24","Buy"
"1","1095","1183","2021-04-14 19:06:32.294","119","22","Sell"
"1","1096","1184","2021-04-14 19:06:32.295","114","21","Buy"
"1","1097","-1159","2021-04-14 19:06:32.297","118","0","Sell"
"1","1098","1186","2021-04-14 19:06:32.298","119","44","Sell"
"1","1099","1187","2021-04-14 19:06:32.299","115","110","Buy"
"1","1100","1188","2021-04-14 19:06:32.300","0","98","Buy"
"1","1101","-1187","2021-04-14 19:06:32.303","115","0","Buy"
"1","1102","-1157","2021-04-14 19:06:32.305","118","0","Sell"
"1","1103","-1153","2021-04-14 19:06:32.307","118","0","Sell"
"1","1104","1192","2021-04-14 19:06:32.308","118","23","Sell"
"1","1105","-1186","2021-04-14 19:06:32.310","119","0","Sell"
"1","1106","1194","2021-04-14 19:06:32.312","113","56","Buy"
"1","1107","1195","2021-04-14 19:06:32.313","0","54","Sell"
"1","1108","1196","2021-04-14 19:06:32.314","119","220","Sell"
"1","1109","1197","2021-04-14 19:06:32.315","114","32","Buy"
"1","1110","-1183","2021-04-14 19:06:32.317","119","0","Sell"
"1","1111","1199","2021-04-14 19:06:32.319","0","73","Sell"
"1","1112","1200","2021-04-14 19:06:32.320","119","50","Sell"
"1","1113","1201","2021-04-14 19:06:32.321","119","30","Sell"
"1","1114","-1194","2021-04-14 19:06:32.323","113","0","Buy"
"1","1115","1203","2021-04-14 19:06:32.325","117","39","Sell"
"1","1116","-1168","2021-04-14 19:06:32.327","110","0","Buy"
"1","1117","1205","2021-04-14 19:06:32.328","118","67","Sell"
"1","1118","-1203","2021-04-14 19:06:32.331","117","0","Sell"
"1","1119","-1205","2021-04-14 19:06:32.333","118","0","Sell"
"1","1120","-1192","2021-04-14 19:06:32.335","118","0","Sell"
"1","1121","1209","2021-04-14 19:06:32.336","120","76","Sell"
"1","1122","1210","2021-04-14 19:06:32.338","112","31","Buy"
"1","1123","1211","2021-04-14 19:06:32.339","0","59","Sell"
"1","1124","-1171","2021-04-14 19:06:32.341","112","0","Buy"
"1","1125","1213","2021-04-14 19:06:32.342","118","20","Sell"
"1","1126","1214","2021-04-14 19:06:32.343","117","404","Sell"
"1","1127","-1214","2021-04-14 19:06:32.346","117","0","Sell"
"1","1128","1216","2021-04-14 19:06:32.347","114","25","Buy"
"1","1129","1217","2021-04-14 19:06:32.348","113","127","Buy"
"1","1130","1218","2021-04-14 19:06:32.349","113","27","Buy"
"1","1131","-1201","2021-04-14 19:06:32.352","119","0","Sell"
"1","1132","-1216","2021-04-14 19:06:32.355","114","0","Buy"
"1","1133","1221","2021-04-14 19:06:32.356","112","118","Buy"
"1","1134","1222","2021-04-14 19:06:32.357","0","549","Buy"
"1","1135","-1175","2021-04-14 19:06:32.359","113","0","Buy"
"1","1136","1224","2021-04-14 19:06:32.361","123","27","Sell"
"1","1137","1225","2021-04-14 19:06:32.362","0","62","Buy"
"1","1138","-1218","2021-04-14 19:06:32.364","113","0","Buy"
"1","1139","1228","2021-04-14 19:06:32.366","114","27","Buy"
"1","1140","-1182","2021-04-14 19:06:32.368","112","0","Buy"
"1","1141","1230","2021-04-14 19:06:32.369","113","48","Buy"
"1","1142","-1228","2021-04-14 19:06:32.371","114","0","Buy"
"1","1143","1233","2021-04-14 19:06:32.372","114","24","Buy"
"1","1144","-1233","2021-04-14 19:06:32.374","114","0","Buy"
"1","1145","1235","2021-04-14 19:06:32.376","118","51","Sell"
"1","1146","-1172","2021-04-14 19:06:32.378","111","0","Buy"
"1","1147","-1230","2021-04-14 19:06:32.380","113","0","Buy"
"1","1148","1239","2021-04-14 19:06:32.382","117","22","Sell"
"1","1149","1240","2021-04-14 19:06:32.383","114","24","Buy"
"1","1150","1241","2021-04-14 19:06:32.384","116","82","Sell"
"1","1151","-1162","2021-04-14 19:06:32.387","111","0","Buy"
"1","1152","1243","2021-04-14 19:06:32.388","115","29","Sell"
"1","1153","-1240","2021-04-14 19:06:32.391","114","0","Buy"
"1","1154","1245","2021-04-14 19:06:32.392","112","34","Buy"
"1","1155","-1241","2021-04-14 19:06:32.395","116","0","Sell"
"1","1156","1247","2021-04-14 19:06:32.396","114","22","Sell"
"1","1157","1248","2021-04-14 19:06:32.397","112","379","Buy"
"1","1158","-1217","2021-04-14 19:06:32.399","113","0","Buy"
"1","1159","-1245","2021-04-14 19:06:32.402","112","0","Buy"
"1","1160","1251","2021-04-14 19:06:32.403","115","25","Sell"
"1","1161","1252","2021-04-14 19:06:32.404","111","68","Buy"
"1","1162","1253","2021-04-14 19:06:32.405","113","55","Buy"
"1","1163","-1243","2021-04-14 19:06:32.408","115","0","Sell"
"1","1164","1255","2021-04-14 19:06:32.409","0","55","Sell"
"1","1165","1256","2021-04-14 19:06:32.410","113","23","Sell"
"1","1166","1257","2021-04-14 19:06:32.412","0","61","Buy"
"1","1167","-1239","2021-04-14 19:06:32.414","117","0","Sell"
"1","1168","-1235","2021-04-14 19:06:32.416","118","0","Sell"
"1","1169","1260","2021-04-14 19:06:32.417","113","32","Buy"
"1","1170","1262","2021-04-14 19:06:32.419","114","81","Buy"
"1","1171","-1262","2021-04-14 19:06:32.422","114","0","Buy"
"1","1172","1264","2021-04-14 19:06:32.423","112","77","Buy"
"1","1173","-1251","2021-04-14 19:06:32.425","115","0","Sell"
"1","1174","-1221","2021-04-14 19:06:32.427","112","0","Buy"
"1","1175","-1248","2021-04-14 19:06:32.429","112","0","Buy"
"1","1176","1268","2021-04-14 19:06:32.430","114","41","Buy"
"1","1177","-1260","2021-04-14 19:06:32.432","113","0","Buy"
"1","1178","1270","2021-04-14 19:06:32.433","113","20","Buy"
"1","1179","1272","2021-04-14 19:06:32.434","124","24","Sell"
"1","1180","1273","2021-04-14 19:06:32.436","125","28","Sell"
"1","1181","-1268","2021-04-14 19:06:32.438","114","0","Buy"
"1","1182","-1272","2021-04-14 19:06:32.440","124","0","Sell"
"1","1183","-1273","2021-04-14 19:06:32.442","125","0","Sell"
"1","1184","1278","2021-04-14 19:06:32.444","114","23","Buy"
"1","1185","1280","2021-04-14 19:06:32.445","123","31","Sell"
"1","1186","-1278","2021-04-14 19:06:32.447","114","0","Buy"
"1","1187","1282","2021-04-14 19:06:32.448","0","50","Sell"
"1","1188","1283","2021-04-14 19:06:32.450","122","151","Sell"
"1","1189","-1210","2021-04-14 19:06:32.452","112","0","Buy"
"1","1190","1285","2021-04-14 19:06:32.453","121","21","Sell"
"1","1191","-1252","2021-04-14 19:06:32.455","111","0","Buy"
"1","1192","1287","2021-04-14 19:06:32.457","113","24","Buy"
"1","1193","-1287","2021-04-14 19:06:32.459","113","0","Buy"
"1","1194","1289","2021-04-14 19:06:32.460","120","397","Sell"
"1","1195","1290","2021-04-14 19:06:32.461","121","155","Sell"
"1","1196","-1283","2021-04-14 19:06:32.463","122","0","Sell"
"1","1197","1292","2021-04-14 19:06:32.464","0","52","Buy"
"1","1198","-1264","2021-04-14 19:06:32.467","112","0","Buy"
"1","1199","1294","2021-04-14 19:06:32.468","119","22","Sell"
"1","1200","1295","2021-04-14 19:06:32.469","118","125","Sell"
"1","1201","1297","2021-04-14 19:06:32.471","110","29","Buy"
"1","1202","-1297","2021-04-14 19:06:32.473","110","0","Buy"
"1","1203","-1294","2021-04-14 19:06:32.476","119","0","Sell"
"1","1204","1302","2021-04-14 19:06:32.477","117","22","Buy"
"1","1205","-1302","2021-04-14 19:06:32.479","117","0","Buy"
"1","1206","-1295","2021-04-14 19:06:32.481","118","0","Sell"
"1","1207","1306","2021-04-14 19:06:32.483","121","121","Sell"
"1","1208","1307","2021-04-14 19:06:32.484","110","51","Buy"
"1","1209","1308","2021-04-14 19:06:32.485","109","28","Buy"
"1","1210","1309","2021-04-14 19:06:32.486","111","23","Buy"
"1","1211","1310","2021-04-14 19:06:32.487","119","135","Sell"
"1","1212","1311","2021-04-14 19:06:32.488","110","37","Buy"
"1","1213","-1280","2021-04-14 19:06:32.491","123","0","Sell"
"1","1214","1313","2021-04-14 19:06:32.492","0","52","Sell"
"1","1215","1314","2021-04-14 19:06:32.493","120","37","Sell"
"1","1216","-1307","2021-04-14 19:06:32.495","110","0","Buy"
"1","1217","-1310","2021-04-14 19:06:32.497","119","0","Sell"
"1","1218","-1308","2021-04-14 19:06:32.499","109","0","Buy"
"1","1219","1318","2021-04-14 19:06:32.500","111","28","Buy"
"1","1220","1319","2021-04-14 19:06:32.501","112","40","Buy"
"1","1221","-1319","2021-04-14 19:06:32.504","112","0","Buy"
"1","1222","1321","2021-04-14 19:06:32.505","112","76","Buy"
"1","1223","-1306","2021-04-14 19:06:32.507","121","0","Sell"
"1","1224","-1311","2021-04-14 19:06:32.509","110","0","Buy"
"1","1225","1324","2021-04-14 19:06:32.511","119","37","Sell"
"1","1226","-1318","2021-04-14 19:06:32.513","111","0","Buy"
"1","1227","1326","2021-04-14 19:06:32.514","118","41","Sell"
"1","1228","-1321","2021-04-14 19:06:32.517","112","0","Buy"
"1","1229","1328","2021-04-14 19:06:32.518","113","22","Buy"
"1","1230","1329","2021-04-14 19:06:32.519","112","177","Buy"
"1","1231","-1328","2021-04-14 19:06:32.521","113","0","Buy"
"1","1232","-1324","2021-04-14 19:06:32.523","119","0","Sell"
"1","1233","-1329","2021-04-14 19:06:32.526","112","0","Buy"
"1","1234","1333","2021-04-14 19:06:32.527","109","33","Buy"
"1","1235","1334","2021-04-14 19:06:32.528","0","72","Sell"
"1","1236","1335","2021-04-14 19:06:32.529","108","37","Buy"
"1","1237","-1285","2021-04-14 19:06:32.531","121","0","Sell"
"1","1238","1337","2021-04-14 19:06:32.532","109","33","Buy"
"1","1239","1338","2021-04-14 19:06:32.533","0","186","Buy"
"1","1240","1339","2021-04-14 19:06:32.534","121","150","Sell"
"1","1241","1340","2021-04-14 19:06:32.535","0","112","Buy"
"1","1242","1341","2021-04-14 19:06:32.536","110","54","Buy"
"1","1243","-1314","2021-04-14 19:06:32.539","120","0","Sell"
"1","1244","1343","2021-04-14 19:06:32.540","0","57","Sell"
"1","1245","1344","2021-04-14 19:06:32.541","121","43","Sell"
"1","1246","1345","2021-04-14 19:06:32.542","0","91","Sell"
"1","1247","-1290","2021-04-14 19:06:32.544","121","0","Sell"
"1","1248","1347","2021-04-14 19:06:32.545","113","40","Buy"
"1","1249","1348","2021-04-14 19:06:32.547","114","25","Buy"
"1","1250","1349","2021-04-14 19:06:32.548","119","122","Sell"
"1","1251","-1339","2021-04-14 19:06:32.550","121","0","Sell"
"1","1252","1351","2021-04-14 19:06:32.551","0","460","Buy"
"1","1253","1352","2021-04-14 19:06:32.553","115","131","Buy"
"1","1254","1353","2021-04-14 19:06:32.554","116","23","Buy"
"1","1255","-1353","2021-04-14 19:06:32.557","116","0","Buy"
"1","1256","1357","2021-04-14 19:06:32.559","114","105","Buy"
"1","1257","1358","2021-04-14 19:06:32.560","114","793","Buy"
"1","1258","-1357","2021-04-14 19:06:32.562","114","0","Buy"
"1","1259","1360","2021-04-14 19:06:32.564","116","85","Buy"
"1","1260","1361","2021-04-14 19:06:32.565","119","128","Sell"
"1","1261","1362","2021-04-14 19:06:32.566","115","34","Buy"
"1","1262","-1352","2021-04-14 19:06:32.569","115","0","Buy"
"1","1263","1364","2021-04-14 19:06:32.570","117","46","Buy"
"1","1264","1365","2021-04-14 19:06:32.571","0","54","Sell"
"1","1265","1366","2021-04-14 19:06:32.572","120","567","Sell"
"1","1266","1367","2021-04-14 19:06:32.573","120","25","Sell"
"1","1267","1368","2021-04-14 19:06:32.574","120","23","Sell"
"1","1268","-1361","2021-04-14 19:06:32.577","119","0","Sell"
"1","1269","1370","2021-04-14 19:06:32.578","115","33","Buy"
"1","1270","1371","2021-04-14 19:06:32.579","117","31","Buy"
"1","1271","1372","2021-04-14 19:06:32.580","0","75","Buy"
"1","1272","-1360","2021-04-14 19:06:32.583","116","0","Buy"
"1","1273","1374","2021-04-14 19:06:32.584","116","214","Buy"
"1","1274","1375","2021-04-14 19:06:32.585","119","33","Sell"
"1","1275","-1362","2021-04-14 19:06:32.587","115","0","Buy"
"1","1276","-1375","2021-04-14 19:06:32.590","119","0","Sell"
"1","1277","-1371","2021-04-14 19:06:32.592","117","0","Buy"
"1","1278","-1374","2021-04-14 19:06:32.595","116","0","Buy"
"1","1279","-1370","2021-04-14 19:06:32.597","115","0","Buy"
"1","1280","1381","2021-04-14 19:06:32.598","115","32","Buy"
"1","1281","-1381","2021-04-14 19:06:32.600","115","0","Buy"
"1","1282","1383","2021-04-14 19:06:32.601","121","29","Sell"
"1","1283","1384","2021-04-14 19:06:32.602","115","25","Buy"
"1","1284","-1366","2021-04-14 19:06:32.605","120","0","Sell"
"1","1285","1386","2021-04-14 19:06:32.606","121","40","Sell"
"1","1286","1387","2021-04-14 19:06:32.607","114","59","Buy"
"1","1287","1388","2021-04-14 19:06:32.608","119","27","Sell"
"1","1288","1389","2021-04-14 19:06:32.609","116","51","Buy"
"1","1289","1390","2021-04-14 19:06:32.610","0","751","Sell"
"1","1290","1391","2021-04-14 19:06:32.612","118","735","Sell"
"1","1291","-1368","2021-04-14 19:06:32.614","120","0","Sell"
"1","1292","-1391","2021-04-14 19:06:32.616","118","0","Sell"
"1","1293","1394","2021-04-14 19:06:32.617","118","57","Sell"
"1","1294","-1347","2021-04-14 19:06:32.619","113","0","Buy"
"1","1295","1396","2021-04-14 19:06:32.621","115","52","Buy"
"1","1296","-1386","2021-04-14 19:06:32.623","121","0","Sell"
"1","1297","1398","2021-04-14 19:06:32.624","119","23","Sell"
"1","1298","-1396","2021-04-14 19:06:32.627","115","0","Buy"
"1","1299","-1388","2021-04-14 19:06:32.629","119","0","Sell"
"1","1300","1401","2021-04-14 19:06:32.630","117","218","Sell"
"1","1301","1402","2021-04-14 19:06:32.631","0","85","Buy"
"1","1302","1403","2021-04-14 19:06:32.632","118","25","Sell"
"1","1303","1404","2021-04-14 19:06:32.633","115","29","Buy"
"1","1304","-1404","2021-04-14 19:06:32.636","115","0","Buy"
"1","1305","1406","2021-04-14 19:06:32.637","115","26","Buy"
"1","1306","1407","2021-04-14 19:06:32.638","116","46","Buy"
"1","1307","1408","2021-04-14 19:06:32.639","115","421","Buy"
"1","1308","1409","2021-04-14 19:06:32.640","115","27","Buy"
"1","1309","1410","2021-04-14 19:06:32.641","0","147","Buy"
"1","1310","1411","2021-04-14 19:06:32.642","0","242","Buy"
"1","1311","-1358","2021-04-14 19:06:32.645","114","0","Buy"
"1","1312","1413","2021-04-14 19:06:32.646","123","108","Sell"
"1","1313","1416","2021-04-14 19:06:32.650","0","189","Buy"
"1","1314","-1407","2021-04-14 19:06:32.653","116","0","Buy"
"1","1315","-1408","2021-04-14 19:06:32.655","115","0","Buy"
"1","1316","1419","2021-04-14 19:06:32.656","121","107","Sell"
"1","1317","-1419","2021-04-14 19:06:32.658","121","0","Sell"
"1","1318","1421","2021-04-14 19:06:32.659","124","27","Sell"
"1","1319","-1387","2021-04-14 19:06:32.661","114","0","Buy"
"1","1320","1424","2021-04-14 19:06:32.664","114","9679","Buy"
"1","1321","-1409","2021-04-14 19:06:32.667","115","0","Buy"
"1","1322","-1421","2021-04-14 19:06:32.669","124","0","Sell"
"1","1323","1430","2021-04-14 19:06:32.671","118","102","Sell"
"1","1324","1432","2021-04-14 19:06:32.673","119","22","Sell"
"1","1325","1433","2021-04-14 19:06:32.674","117","166","Sell"
"1","1326","1434","2021-04-14 19:06:32.676","0","87","Sell"
"1","1327","1435","2021-04-14 19:06:32.677","113","54","Buy"
"1","1328","1436","2021-04-14 19:06:32.678","113","27","Buy"
"1","1329","-1430","2021-04-14 19:06:32.680","118","0","Sell"
"1","1330","1438","2021-04-14 19:06:32.681","113","24","Buy"
"1","1331","1439","2021-04-14 19:06:32.683","118","82","Sell"
"1","1332","1440","2021-04-14 19:06:32.684","118","5461","Sell"
"1","1333","-1433","2021-04-14 19:06:32.686","117","0","Sell"
"1","1334","1442","2021-04-14 19:06:32.687","119","40","Sell"
"1","1335","1443","2021-04-14 19:06:32.689","117","174","Sell"
"1","1336","-1436","2021-04-14 19:06:32.691","113","0","Buy"
"1","1337","1445","2021-04-14 19:06:32.692","115","131","Buy"
"1","1338","1446","2021-04-14 19:06:32.693","114","218","Buy"
"1","1339","1447","2021-04-14 19:06:32.695","116","32","Buy"
"1","1340","-1435","2021-04-14 19:06:32.697","113","0","Buy"
"1","1341","1449","2021-04-14 19:06:32.698","0","65","Buy"
"1","1342","1450","2021-04-14 19:06:32.699","0","50","Sell"
"1","1343","1451","2021-04-14 19:06:32.701","118","72","Sell"
"1","1344","-1445","2021-04-14 19:06:32.703","115","0","Buy"
"1","1345","1453","2021-04-14 19:06:32.704","113","53","Buy"
"1","1346","-1453","2021-04-14 19:06:32.707","113","0","Buy"
"1","1347","1455","2021-04-14 19:06:32.708","118","27","Sell"
"1","1348","1456","2021-04-14 19:06:32.709","116","44","Sell"
"1","1349","1457","2021-04-14 19:06:32.710","117","25","Sell"
"1","1350","-1456","2021-04-14 19:06:32.713","116","0","Sell"
"1","1351","-1438","2021-04-14 19:06:32.715","113","0","Buy"
"1","1352","1460","2021-04-14 19:06:32.717","113","41","Buy"
"1","1353","1461","2021-04-14 19:06:32.718","113","28","Buy"
"1","1354","-1443","2021-04-14 19:06:32.721","117","0","Sell"
"1","1355","1463","2021-04-14 19:06:32.722","118","27","Sell"
"1","1356","1464","2021-04-14 19:06:32.723","118","33","Sell"
"1","1357","-1461","2021-04-14 19:06:32.726","113","0","Buy"
"1","1358","1466","2021-04-14 19:06:32.727","116","24","Sell"
"1","1359","-1446","2021-04-14 19:06:32.729","114","0","Buy"
"1","1360","1468","2021-04-14 19:06:32.730","113","487","Buy"
"1","1361","-1460","2021-04-14 19:06:32.733","113","0","Buy"
"1","1362","1470","2021-04-14 19:06:32.734","115","37","Sell"
"1","1363","-1468","2021-04-14 19:06:32.737","113","0","Buy"
"1","1364","-1424","2021-04-14 19:06:32.739","114","0","Buy"
"1","1365","1473","2021-04-14 19:06:32.740","0","289","Buy"
"1","1366","1474","2021-04-14 19:06:32.741","111","69","Buy"
"1","1367","1475","2021-04-14 19:06:32.742","0","64","Sell"
"1","1368","1476","2021-04-14 19:06:32.744","117","57","Sell"
"1","1369","1477","2021-04-14 19:06:32.745","118","126","Sell"
"1","1370","-1477","2021-04-14 19:06:32.747","118","0","Sell"
"1","1371","1479","2021-04-14 19:06:32.749","0","332","Buy"
"1","1372","-1455","2021-04-14 19:06:32.751","118","0","Sell"
"1","1373","1482","2021-04-14 19:06:32.754","119","48","Sell"
"1","1374","1483","2021-04-14 19:06:32.755","0","93","Sell"
"1","1375","1484","2021-04-14 19:06:32.756","110","276","Buy"
"1","1376","1486","2021-04-14 19:06:32.758","109","78","Buy"
"1","1377","1487","2021-04-14 19:06:32.760","111","56","Buy"
"1","1378","1488","2021-04-14 19:06:32.761","117","46","Sell"
"1","1379","1489","2021-04-14 19:06:32.762","118","41","Sell"
"1","1380","-1489","2021-04-14 19:06:32.764","118","0","Sell"
"1","1381","-1440","2021-04-14 19:06:32.767","118","0","Sell"
"1","1382","-1487","2021-04-14 19:06:32.769","111","0","Buy"
"1","1383","-1486","2021-04-14 19:06:32.771","109","0","Buy"
"1","1384","1494","2021-04-14 19:06:32.772","111","49","Buy"
"1","1385","1495","2021-04-14 19:06:32.773","110","24","Buy"
"1","1386","1496","2021-04-14 19:06:32.774","0","218","Sell"
"1","1387","-1495","2021-04-14 19:06:32.777","110","0","Buy"
"1","1388","1498","2021-04-14 19:06:32.778","118","31","Sell"
"1","1389","-1484","2021-04-14 19:06:32.781","110","0","Buy"
"1","1390","1500","2021-04-14 19:06:32.782","112","25","Buy"
"1","1391","1501","2021-04-14 19:06:32.783","0","61","Sell"
"1","1392","1503","2021-04-14 19:06:32.785","118","28","Sell"
"1","1393","1504","2021-04-14 19:06:32.786","116","25","Sell"
"1","1394","-1504","2021-04-14 19:06:32.789","116","0","Sell"
"1","1395","-1463","2021-04-14 19:06:32.791","118","0","Sell"
"1","1396","1509","2021-04-14 19:06:32.793","115","22","Buy"
"1","1397","1510","2021-04-14 19:06:32.794","116","65","Sell"
"1","1398","1511","2021-04-14 19:06:32.795","114","32","Buy"
"1","1399","1512","2021-04-14 19:06:32.796","114","31","Buy"
"1","1400","1513","2021-04-14 19:06:32.797","114","76","Buy"
"1","1401","1514","2021-04-14 19:06:32.799","115","24","Buy"
"1","1402","1515","2021-04-14 19:06:32.800","116","200","Sell"
"1","1403","1516","2021-04-14 19:06:32.801","0","102","Buy"
"1","1404","1517","2021-04-14 19:06:32.802","116","24","Sell"
"1","1405","1518","2021-04-14 19:06:32.803","116","33","Sell"
"1","1406","1519","2021-04-14 19:06:32.805","0","117","Sell"
"1","1407","-1442","2021-04-14 19:06:32.807","119","0","Sell"
"1","1408","1521","2021-04-14 19:06:32.809","115","610","Buy"
"1","1409","-1517","2021-04-14 19:06:32.812","116","0","Sell"
"1","1410","1523","2021-04-14 19:06:32.813","117","23","Sell"
"1","1411","1524","2021-04-14 19:06:32.814","116","25","Sell"
"1","1412","-1521","2021-04-14 19:06:32.816","115","0","Buy"
"1","1413","1526","2021-04-14 19:06:32.818","113","204","Buy"
"1","1414","-1451","2021-04-14 19:06:32.821","118","0","Sell"
"1","1415","1528","2021-04-14 19:06:32.822","115","24","Buy"
"1","1416","-1526","2021-04-14 19:06:32.824","113","0","Buy"
"1","1417","1530","2021-04-14 19:06:32.826","0","331","Buy"
"1","1418","-1498","2021-04-14 19:06:32.828","118","0","Sell"
"1","1419","-1513","2021-04-14 19:06:32.830","114","0","Buy"
"1","1420","1533","2021-04-14 19:06:32.831","114","34","Buy"
"1","1421","1534","2021-04-14 19:06:32.832","116","44","Buy"
"1","1422","1535","2021-04-14 19:06:32.834","117","30","Buy"
"1","1423","1536","2021-04-14 19:06:32.835","119","30","Sell"
"1","1424","1537","2021-04-14 19:06:32.836","119","24","Sell"
"1","1425","1538","2021-04-14 19:06:32.837","117","43","Buy"
"1","1426","-1528","2021-04-14 19:06:32.840","115","0","Buy"
"1","1427","-1537","2021-04-14 19:06:32.842","119","0","Sell"
"1","1428","1541","2021-04-14 19:06:32.843","117","31","Buy"
"1","1429","1542","2021-04-14 19:06:32.845","119","213","Sell"
"1","1430","-1541","2021-04-14 19:06:32.847","117","0","Buy"
"1","1431","-1536","2021-04-14 19:06:32.849","119","0","Sell"
"1","1432","-1503","2021-04-14 19:06:32.851","118","0","Sell"
"1","1433","1546","2021-04-14 19:06:32.853","118","115","Buy"
"1","1434","1547","2021-04-14 19:06:32.854","0","111","Sell"
"1","1435","-1546","2021-04-14 19:06:32.856","118","0","Buy"
"1","1436","1549","2021-04-14 19:06:32.857","116","160","Buy"
"1","1437","1550","2021-04-14 19:06:32.858","118","33","Buy"
"1","1438","1551","2021-04-14 19:06:32.859","118","73","Buy"
"1","1439","1552","2021-04-14 19:06:32.861","0","181","Buy"
"1","1440","-1535","2021-04-14 19:06:32.863","117","0","Buy"
"1","1441","1554","2021-04-14 19:06:32.864","119","21","Sell"
"1","1442","-1542","2021-04-14 19:06:32.867","119","0","Sell"
"1","1443","1556","2021-04-14 19:06:32.868","118","22","Buy"
"1","1444","1557","2021-04-14 19:06:32.869","118","109","Buy"
"1","1445","1558","2021-04-14 19:06:32.870","118","33","Buy"
"1","1446","1559","2021-04-14 19:06:32.871","118","71","Buy"
"1","1447","1560","2021-04-14 19:06:32.873","117","30","Buy"
"1","1448","-1558","2021-04-14 19:06:32.875","118","0","Buy"
"1","1449","1562","2021-04-14 19:06:32.876","0","1404","Sell"
"1","1450","1563","2021-04-14 19:06:32.877","120","27","Sell"
"1","1451","-1563","2021-04-14 19:06:32.880","120","0","Sell"
"1","1452","1565","2021-04-14 19:06:32.880","120","39","Sell"
"1","1453","1566","2021-04-14 19:06:32.882","0","150","Buy"
"1","1454","1568","2021-04-14 19:06:32.883","122","32","Sell"
"1","1455","1569","2021-04-14 19:06:32.884","121","724","Sell"
"1","1456","-1569","2021-04-14 19:06:32.887","121","0","Sell"
"1","1457","1572","2021-04-14 19:06:32.888","0","519","Buy"
"1","1458","1573","2021-04-14 19:06:32.889","124","254","Sell"
"1","1459","1574","2021-04-14 19:06:32.890","0","192","Buy"
"1","1460","1575","2021-04-14 19:06:32.891","114","80","Buy"
"1","1461","-1573","2021-04-14 19:06:32.894","124","0","Sell"
"1","1462","-1575","2021-04-14 19:06:32.896","114","0","Buy"
"1","1463","1580","2021-04-14 19:06:32.897","122","84","Buy"
"1","1464","1581","2021-04-14 19:06:32.899","126","102","Sell"
"1","1465","1582","2021-04-14 19:06:32.900","121","26","Buy"
"1","1466","1583","2021-04-14 19:06:32.901","121","21","Buy"
"1","1467","-1581","2021-04-14 19:06:32.903","126","0","Sell"
"1","1468","1585","2021-04-14 19:06:32.904","123","77","Buy"
"1","1469","1586","2021-04-14 19:06:32.905","0","151","Sell"
"1","1470","1588","2021-04-14 19:06:32.907","0","1598","Sell"
"1","1471","1598","2021-04-14 19:06:32.910","128","43","Sell"
"1","1472","1599","2021-04-14 19:06:32.912","127","20","Sell"
"1","1473","-1598","2021-04-14 19:06:32.914","128","0","Sell"
"1","1474","-1599","2021-04-14 19:06:32.916","127","0","Sell"
"1","1475","1602","2021-04-14 19:06:32.918","118","50","Buy"
"1","1476","1603","2021-04-14 19:06:32.919","123","133","Sell"
"1","1477","1604","2021-04-14 19:06:32.920","124","38","Sell"
"1","1478","1605","2021-04-14 19:06:32.922","124","124","Sell"
"1","1479","1607","2021-04-14 19:06:32.925","124","42","Sell"
"1","1480","-1603","2021-04-14 19:06:32.927","123","0","Sell"
"1","1481","1609","2021-04-14 19:06:32.928","123","52","Sell"
"1","1482","-1604","2021-04-14 19:06:32.931","124","0","Sell"
"1","1483","-1607","2021-04-14 19:06:32.933","124","0","Sell"
"1","1484","1613","2021-04-14 19:06:32.934","117","68","Buy"
"1","1485","1614","2021-04-14 19:06:32.935","0","84","Buy"
"1","1486","-1605","2021-04-14 19:06:32.938","124","0","Sell"
"1","1487","1617","2021-04-14 19:06:32.940","122","82","Sell"
"1","1488","-1617","2021-04-14 19:06:32.942","122","0","Sell"
"1","1489","1620","2021-04-14 19:06:32.943","119","42","Buy"
"1","1490","1622","2021-04-14 19:06:32.945","118","41","Buy"
"1","1491","1623","2021-04-14 19:06:32.946","118","118","Buy"
"1","1492","1625","2021-04-14 19:06:32.948","120","50","Buy"
"1","1493","1626","2021-04-14 19:06:32.949","0","136","Sell"
"1","1494","1630","2021-04-14 19:06:32.951","117","29","Buy"
"1","1495","1631","2021-04-14 19:06:32.952","117","58","Buy"
"1","1496","1632","2021-04-14 19:06:32.953","119","51","Buy"
"1","1497","1633","2021-04-14 19:06:32.954","120","269","Buy"
"1","1498","-1623","2021-04-14 19:06:32.957","118","0","Buy"
"1","1499","1638","2021-04-14 19:06:32.959","119","25","Buy"
"1","1500","1639","2021-04-14 19:06:32.960","121","34","Buy"
"1","1501","-1639","2021-04-14 19:06:32.962","121","0","Buy"
"1","1502","1641","2021-04-14 19:06:32.963","119","31","Buy"
"1","1503","1643","2021-04-14 19:06:32.965","127","39","Sell"
"1","1504","1644","2021-04-14 19:06:32.966","126","99","Sell"
"1","1505","1645","2021-04-14 19:06:32.967","0","103","Sell"
"1","1506","1646","2021-04-14 19:06:32.969","119","39","Buy"
"1","1507","1647","2021-04-14 19:06:32.970","127","20","Sell"
"1","1508","1648","2021-04-14 19:06:32.971","125","76","Sell"
"1","1509","1649","2021-04-14 19:06:32.972","126","48","Sell"
"1","1510","1650","2021-04-14 19:06:32.973","121","36","Buy"
"1","1511","1651","2021-04-14 19:06:32.974","120","31","Buy"
"1","1512","1652","2021-04-14 19:06:32.975","122","97","Buy"
"1","1513","-1644","2021-04-14 19:06:32.978","126","0","Sell"
"1","1514","1654","2021-04-14 19:06:32.980","124","53","Sell"
"1","1515","-1652","2021-04-14 19:06:32.983","122","0","Buy"
"1","1516","-1654","2021-04-14 19:06:32.985","124","0","Sell"
"1","1517","1657","2021-04-14 19:06:32.987","122","39","Buy"
"1","1518","1658","2021-04-14 19:06:32.988","126","55","Sell"
"1","1519","-1657","2021-04-14 19:06:32.991","122","0","Buy"
"1","1520","1660","2021-04-14 19:06:32.992","0","1816","Sell"
"1","1521","1661","2021-04-14 19:06:32.993","118","92","Buy"
"1","1522","1662","2021-04-14 19:06:32.994","124","139","Sell"
"1","1523","1663","2021-04-14 19:06:32.996","119","41","Buy"
"1","1524","1664","2021-04-14 19:06:32.997","125","34","Sell"
"1","1525","1665","2021-04-14 19:06:32.998","118","34","Buy"
"1","1526","-1662","2021-04-14 19:06:33.000","124","0","Sell"
"1","1527","1667","2021-04-14 19:06:33.001","120","54","Buy"
"1","1528","1668","2021-04-14 19:06:33.003","119","27","Buy"
"1","1529","1669","2021-04-14 19:06:33.004","0","63","Sell"
"1","1530","-1643","2021-04-14 19:06:33.006","127","0","Sell"
"1","1531","1671","2021-04-14 19:06:33.007","0","174","Sell"
"1","1532","1672","2021-04-14 19:06:33.008","0","206","Buy"
"1","1533","-1658","2021-04-14 19:06:33.012","126","0","Sell"
"1","1534","-1665","2021-04-14 19:06:33.014","118","0","Buy"
"1","1535","1679","2021-04-14 19:06:33.016","118","68","Buy"
"1","1536","1680","2021-04-14 19:06:33.017","0","170","Sell"
"1","1537","1681","2021-04-14 19:06:33.018","0","56","Buy"
"1","1538","1682","2021-04-14 19:06:33.020","117","42","Buy"
"1","1539","-1682","2021-04-14 19:06:33.022","117","0","Buy"
"1","1540","1684","2021-04-14 19:06:33.023","126","25","Buy"
"1","1541","1685","2021-04-14 19:06:33.024","125","533","Buy"
"1","1542","1686","2021-04-14 19:06:33.025","133","1945","Sell"
"1","1543","1687","2021-04-14 19:06:33.027","127","25","Buy"
"1","1544","1688","2021-04-14 19:06:33.028","128","50","Buy"
"1","1545","1689","2021-04-14 19:06:33.029","132","49","Sell"
"1","1546","-1688","2021-04-14 19:06:33.032","128","0","Buy"
"1","1547","1691","2021-04-14 19:06:33.033","128","27","Buy"
"1","1548","1692","2021-04-14 19:06:33.034","127","232","Buy"
"1","1549","1693","2021-04-14 19:06:33.035","0","210","Sell"
"1","1550","1694","2021-04-14 19:06:33.036","133","39","Sell"
"1","1551","1695","2021-04-14 19:06:33.037","133","28","Sell"
"1","1552","1696","2021-04-14 19:06:33.039","0","124","Sell"
"1","1553","1697","2021-04-14 19:06:33.040","126","46","Buy"
"1","1554","1698","2021-04-14 19:06:33.041","0","120","Sell"
"1","1555","-1689","2021-04-14 19:06:33.046","132","0","Sell"
"1","1556","1702","2021-04-14 19:06:33.047","126","51","Buy"
"1","1557","1704","2021-04-14 19:06:33.050","127","61","Buy"
"1","1558","-1685","2021-04-14 19:06:33.052","125","0","Buy"
"1","1559","-1704","2021-04-14 19:06:33.055","127","0","Buy"
"1","1560","1707","2021-04-14 19:06:33.056","127","54","Buy"
"1","1561","1708","2021-04-14 19:06:33.057","128","232","Buy"
"1","1562","1710","2021-04-14 19:06:33.059","127","24","Buy"
"1","1563","-1695","2021-04-14 19:06:33.063","133","0","Sell"
"1","1564","1713","2021-04-14 19:06:33.064","127","48","Buy"
"1","1565","1714","2021-04-14 19:06:33.065","127","21","Buy"
"1","1566","1715","2021-04-14 19:06:33.067","0","352","Sell"
"1","1567","1716","2021-04-14 19:06:33.068","0","257","Buy"
"1","1568","-1686","2021-04-14 19:06:33.071","133","0","Sell"
"1","1569","1719","2021-04-14 19:06:33.113","132","23","Sell"
"1","1570","1720","2021-04-14 19:06:33.114","131","21","Sell"
"1","1571","-1702","2021-04-14 19:06:33.116","126","0","Buy"
"1","1572","-1694","2021-04-14 19:06:33.119","133","0","Sell"
"1","1573","1723","2021-04-14 19:06:33.120","126","22","Buy"
"1","1574","1724","2021-04-14 19:06:33.121","0","198","Buy"
"1","1575","1726","2021-04-14 19:06:33.123","128","25","Buy"
"1","1576","1727","2021-04-14 19:06:33.124","138","22","Sell"
"1","1577","1728","2021-04-14 19:06:33.125","139","29","Sell"
"1","1578","1729","2021-04-14 19:06:33.126","139","48","Sell"
"1","1579","1730","2021-04-14 19:06:33.127","139","76","Sell"
"1","1580","-1726","2021-04-14 19:06:33.129","128","0","Buy"
"1","1581","-1727","2021-04-14 19:06:33.131","138","0","Sell"
"1","1582","1733","2021-04-14 19:06:33.132","128","56","Buy"
"1","1583","1734","2021-04-14 19:06:33.133","0","154","Sell"
"1","1584","1737","2021-04-14 19:06:33.136","133","24","Buy"
"1","1585","1738","2021-04-14 19:06:33.137","138","48","Sell"
"1","1586","1739","2021-04-14 19:06:33.138","132","66","Buy"
"1","1587","1740","2021-04-14 19:06:33.139","132","28","Buy"
"1","1588","1741","2021-04-14 19:06:33.141","134","63","Buy"
"1","1589","1742","2021-04-14 19:06:33.142","137","52","Sell"
"1","1590","-1742","2021-04-14 19:06:33.144","137","0","Sell"
"1","1591","1744","2021-04-14 19:06:33.145","133","121","Buy"
"1","1592","-1729","2021-04-14 19:06:33.148","139","0","Sell"
"1","1593","-1730","2021-04-14 19:06:33.150","139","0","Sell"
"1","1594","1747","2021-04-14 19:06:33.151","0","73","Sell"
"1","1595","1748","2021-04-14 19:06:33.152","137","100","Sell"
"1","1596","1749","2021-04-14 19:06:33.153","138","41","Sell"
"1","1597","1750","2021-04-14 19:06:33.154","136","26","Sell"
"1","1598","-1748","2021-04-14 19:06:33.157","137","0","Sell"
"1","1599","1752","2021-04-14 19:06:33.158","134","125","Buy"
"1","1600","1753","2021-04-14 19:06:33.159","0","59","Buy"
"1","1601","1754","2021-04-14 19:06:33.160","0","50","Buy"
"1","1602","-1749","2021-04-14 19:06:33.163","138","0","Sell"
"1","1603","1756","2021-04-14 19:06:33.164","0","273","Sell"
"1","1604","1757","2021-04-14 19:06:33.165","133","21","Buy"
"1","1605","1758","2021-04-14 19:06:33.166","132","23","Buy"
"1","1606","1759","2021-04-14 19:06:33.167","134","23","Buy"
"1","1607","1760","2021-04-14 19:06:33.168","138","172","Sell"
"1","1608","1761","2021-04-14 19:06:33.170","139","36","Sell"
"1","1609","1762","2021-04-14 19:06:33.171","133","31","Buy"
"1","1610","1763","2021-04-14 19:06:33.172","133","20","Buy"
"1","1611","1764","2021-04-14 19:06:33.173","133","33","Buy"
"1","1612","1765","2021-04-14 19:06:33.174","135","167","Buy"
"1","1613","1766","2021-04-14 19:06:33.175","0","80","Sell"
"1","1614","-1760","2021-04-14 19:06:33.178","138","0","Sell"
"1","1615","1769","2021-04-14 19:06:33.180","136","26","Buy"
"1","1616","-1769","2021-04-14 19:06:33.182","136","0","Buy"
"1","1617","1771","2021-04-14 19:06:33.184","138","54","Sell"
"1","1618","1772","2021-04-14 19:06:33.185","137","36","Sell"
"1","1619","-1763","2021-04-14 19:06:33.187","133","0","Buy"
"1","1620","1774","2021-04-14 19:06:33.188","134","44","Buy"
"1","1621","1775","2021-04-14 19:06:33.190","134","29","Buy"
"1","1622","1776","2021-04-14 19:06:33.191","136","35","Sell"
"1","1623","-1775","2021-04-14 19:06:33.194","134","0","Buy"
"1","1624","1778","2021-04-14 19:06:33.195","136","121","Sell"
"1","1625","1779","2021-04-14 19:06:33.196","0","434","Sell"
"1","1626","1781","2021-04-14 19:06:33.198","137","21","Sell"
"1","1627","1783","2021-04-14 19:06:33.199","126","21","Buy"
"1","1628","1784","2021-04-14 19:06:33.200","135","44","Sell"
"1","1629","-1783","2021-04-14 19:06:33.203","126","0","Buy"
"1","1630","1786","2021-04-14 19:06:33.204","136","25","Sell"
"1","1631","-1781","2021-04-14 19:06:33.207","137","0","Sell"
"1","1632","1788","2021-04-14 19:06:33.208","128","36","Buy"
"1","1633","-1788","2021-04-14 19:06:33.211","128","0","Buy"
"1","1634","1791","2021-04-14 19:06:33.212","134","53","Buy"
"1","1635","1792","2021-04-14 19:06:33.213","133","22","Buy"
"1","1636","-1792","2021-04-14 19:06:33.215","133","0","Buy"
"1","1637","1794","2021-04-14 19:06:33.217","133","69","Buy"
"1","1638","1795","2021-04-14 19:06:33.218","135","102","Sell"
"1","1639","-1791","2021-04-14 19:06:33.220","134","0","Buy"
"1","1640","1797","2021-04-14 19:06:33.222","132","23","Buy"
"1","1641","1798","2021-04-14 19:06:33.223","132","23","Buy"
"1","1642","-1794","2021-04-14 19:06:33.225","133","0","Buy"
"1","1643","1800","2021-04-14 19:06:33.226","134","54","Sell"
"1","1644","-1728","2021-04-14 19:06:33.229","139","0","Sell"
"1","1645","1802","2021-04-14 19:06:33.230","135","33","Sell"
"1","1646","-1797","2021-04-14 19:06:33.234","132","0","Buy"
"1","1647","1805","2021-04-14 19:06:33.236","131","48","Buy"
"1","1648","1806","2021-04-14 19:06:33.237","135","26","Sell"
"1","1649","1807","2021-04-14 19:06:33.238","133","240","Buy"
"1","1650","1808","2021-04-14 19:06:33.239","0","70","Sell"
"1","1651","1809","2021-04-14 19:06:33.241","132","35","Buy"
"1","1652","-1805","2021-04-14 19:06:33.243","131","0","Buy"
"1","1653","-1784","2021-04-14 19:06:33.246","135","0","Sell"
"1","1654","1812","2021-04-14 19:06:33.247","0","265","Sell"
"1","1655","1813","2021-04-14 19:06:33.249","129","36","Buy"
"1","1656","1814","2021-04-14 19:06:33.250","130","85","Buy"
"1","1657","-1814","2021-04-14 19:06:33.252","130","0","Buy"
"1","1658","-1813","2021-04-14 19:06:33.255","129","0","Buy"
"1","1659","1817","2021-04-14 19:06:33.256","0","843","Buy"
"1","1660","1820","2021-04-14 19:06:33.258","133","85","Buy"
"1","1661","1824","2021-04-14 19:06:33.260","134","30","Buy"
"1","1662","1825","2021-04-14 19:06:33.261","139","23","Sell"
"1","1663","1826","2021-04-14 19:06:33.263","135","31","Buy"
"1","1664","1827","2021-04-14 19:06:33.264","134","52","Buy"
"1","1665","1828","2021-04-14 19:06:33.265","138","22","Sell"
"1","1666","1829","2021-04-14 19:06:33.267","139","32","Sell"
