"SecurityId","OrderId","ClientOrderId","DateTime","Price","Volume","Side"
"1","1","1","2021-04-15 18:43:26.471","1000","87","Sell"
"1","2","3","2021-04-15 18:43:47.980","1001","103","Sell"
"1","3","4","2021-04-15 18:43:56.381","1001","77","Sell"
"1","4","-1","2021-04-15 18:43:58.230","1000","0","Sell"
"1","5","7","2021-04-15 18:43:59.656","1000","27","Sell"
"1","6","8","2021-04-15 18:44:00.747","999","46","Sell"
"1","7","-8","2021-04-15 18:44:00.923","999","0","Sell"
"1","8","-3","2021-04-15 18:44:00.978","1001","0","Sell"
"1","9","11","2021-04-15 18:44:06.876","0","120","Buy"
"1","10","13","2021-04-15 18:44:07.326","1004","28","Sell"
"1","11","15","2021-04-15 18:44:09.423","998","86","Buy"
"1","12","-13","2021-04-15 18:44:10.683","1004","0","Sell"
"1","13","17","2021-04-15 18:44:11.365","999","21","Buy"
"1","14","18","2021-04-15 18:44:11.713","1000","35","Sell"
"1","15","19","2021-04-15 18:44:12.124","1001","221","Sell"
"1","16","20","2021-04-15 18:44:12.463","999","28","Buy"
"1","17","-17","2021-04-15 18:44:12.474","999","0","Buy"
"1","18","22","2021-04-15 18:44:12.541","998","34","Buy"
"1","19","23","2021-04-15 18:44:12.942","999","85","Buy"
"1","20","24","2021-04-15 18:44:13.326","1001","25","Sell"
"1","21","25","2021-04-15 18:44:13.872","998","131","Buy"
"1","22","26","2021-04-15 18:44:14.896","999","35","Buy"
"1","23","27","2021-04-15 18:44:14.923","998","28","Buy"
"1","24","-24","2021-04-15 18:44:15.191","1001","0","Sell"
"1","25","29","2021-04-15 18:44:15.397","998","139","Buy"
"1","26","30","2021-04-15 18:44:16.984","1000","36","Sell"
"1","27","31","2021-04-15 18:44:18.635","998","66","Buy"
"1","28","-18","2021-04-15 18:44:19.848","1000","0","Sell"
"1","29","33","2021-04-15 18:44:20.854","1001","130","Sell"
"1","30","34","2021-04-15 18:44:22.364","1000","241","Sell"
"1","31","-33","2021-04-15 18:44:22.921","1001","0","Sell"
"1","32","-31","2021-04-15 18:44:22.960","998","0","Buy"
"1","33","37","2021-04-15 18:44:23.231","1000","100","Sell"
"1","34","-34","2021-04-15 18:44:23.490","1000","0","Sell"
"1","35","39","2021-04-15 18:44:24.295","0","165","Sell"
"1","36","40","2021-04-15 18:44:24.364","999","40","Sell"
"1","37","-19","2021-04-15 18:44:24.987","1001","0","Sell"
"1","38","42","2021-04-15 18:44:25.415","0","72","Buy"
"1","39","-30","2021-04-15 18:44:27.435","1000","0","Sell"
"1","40","44","2021-04-15 18:44:28.465","0","80","Sell"
"1","41","45","2021-04-15 18:44:31.426","999","45","Sell"
"1","42","46","2021-04-15 18:44:31.936","997","23","Buy"
"1","43","-46","2021-04-15 18:44:32.737","997","0","Buy"
"1","44","48","2021-04-15 18:44:34.274","1000","182","Sell"
"1","45","49","2021-04-15 18:44:34.647","1000","55","Sell"
"1","46","50","2021-04-15 18:44:34.958","999","36","Sell"
"1","47","51","2021-04-15 18:44:34.964","1000","39","Sell"
"1","48","52","2021-04-15 18:44:34.976","999","63","Sell"
"1","49","53","2021-04-15 18:44:35.081","998","82","Buy"
"1","50","-49","2021-04-15 18:44:36.531","1000","0","Sell"
"1","51","55","2021-04-15 18:44:37.092","998","38","Buy"
"1","52","56","2021-04-15 18:44:37.702","0","230","Sell"
"1","53","-53","2021-04-15 18:44:38.953","998","0","Buy"
"1","54","-37","2021-04-15 18:44:42.449","1000","0","Sell"
"1","55","59","2021-04-15 18:44:42.993","0","50","Buy"
"1","56","60","2021-04-15 18:44:44.003","998","416","Buy"
"1","57","-52","2021-04-15 18:44:44.027","999","0","Sell"
"1","58","-29","2021-04-15 18:44:44.104","998","0","Buy"
"1","59","63","2021-04-15 18:44:45.337","999","135","Sell"
"1","60","64","2021-04-15 18:44:46.328","999","41","Sell"
"1","61","65","2021-04-15 18:44:49.001","1000","35","Sell"
"1","62","66","2021-04-15 18:44:49.603","999","73","Sell"
"1","63","67","2021-04-15 18:44:51.781","999","20","Sell"
"1","64","68","2021-04-15 18:44:57.645","997","46","Buy"
"1","65","69","2021-04-15 18:44:59.759","997","36","Buy"
"1","66","70","2021-04-15 18:45:02.659","997","39","Buy"
"1","67","71","2021-04-15 18:45:02.776","1000","303","Sell"
"1","68","72","2021-04-15 18:45:02.866","1000","22","Sell"
"1","69","73","2021-04-15 18:45:03.075","1000","73","Sell"
"1","70","-68","2021-04-15 18:45:03.838","997","0","Buy"
"1","71","75","2021-04-15 18:45:04.163","999","48","Sell"
"1","72","-51","2021-04-15 18:45:04.167","1000","0","Sell"
"1","73","77","2021-04-15 18:45:06.221","998","21","Buy"
"1","74","78","2021-04-15 18:45:26.691","998","32","Buy"
"1","75","79","2021-04-15 18:45:28.963","1000","22","Sell"
"1","76","80","2021-04-15 18:45:32.731","1000","22","Sell"
"1","77","-72","2021-04-15 18:45:37.094","1000","0","Sell"
"1","78","-77","2021-04-15 18:45:37.764","998","0","Buy"
"1","79","83","2021-04-15 18:45:39.952","998","31","Buy"
"1","80","84","2021-04-15 18:45:40.316","1000","32","Sell"
"1","81","85","2021-04-15 18:45:42.137","997","285","Buy"
"1","82","-85","2021-04-15 18:45:44.577","997","0","Buy"
"1","83","-55","2021-04-15 18:45:44.642","998","0","Buy"
"1","84","-64","2021-04-15 18:45:45.516","999","0","Sell"
"1","85","89","2021-04-15 18:45:45.524","999","30","Sell"
"1","86","90","2021-04-15 18:45:45.562","997","43","Buy"
"1","87","91","2021-04-15 18:45:45.914","1000","357","Sell"
"1","88","92","2021-04-15 18:45:45.931","1000","25","Sell"
"1","89","-79","2021-04-15 18:45:46.302","1000","0","Sell"
"1","90","-48","2021-04-15 18:45:46.773","1000","0","Sell"
"1","91","95","2021-04-15 18:45:47.430","998","23","Buy"
"1","92","96","2021-04-15 18:45:48.595","0","118","Sell"
"1","93","-69","2021-04-15 18:45:49.047","997","0","Buy"
"1","94","98","2021-04-15 18:45:50.190","998","32","Buy"
"1","95","99","2021-04-15 18:45:50.767","1000","202","Sell"
"1","96","-92","2021-04-15 18:45:50.989","1000","0","Sell"
"1","97","-65","2021-04-15 18:45:51.478","1000","0","Sell"
"1","98","-73","2021-04-15 18:45:51.556","1000","0","Sell"
"1","99","103","2021-04-15 18:45:51.739","1000","39","Sell"
"1","100","-80","2021-04-15 18:45:53.114","1000","0","Sell"
"1","101","105","2021-04-15 18:45:55.487","998","42","Buy"
"1","102","106","2021-04-15 18:45:55.634","0","76","Sell"
"1","103","107","2021-04-15 18:45:56.589","998","156","Buy"
"1","104","-70","2021-04-15 18:45:56.934","997","0","Buy"
"1","105","109","2021-04-15 18:45:57.972","0","106","Buy"
"1","106","110","2021-04-15 18:45:58.609","998","21","Buy"
"1","107","111","2021-04-15 18:46:04.469","1000","47","Sell"
"1","108","112","2021-04-15 18:46:09.279","998","21","Buy"
"1","109","-75","2021-04-15 18:46:12.457","999","0","Sell"
"1","110","114","2021-04-15 18:46:12.512","998","22","Buy"
"1","111","115","2021-04-15 18:46:13.899","997","42","Buy"
"1","112","116","2021-04-15 18:46:14.091","999","168","Sell"
"1","113","-99","2021-04-15 18:46:15.277","1000","0","Sell"
"1","114","118","2021-04-15 18:46:16.950","999","31","Sell"
"1","115","119","2021-04-15 18:46:33.957","999","230","Sell"
"1","116","-115","2021-04-15 18:46:49.415","997","0","Buy"
"1","117","121","2021-04-15 18:46:53.017","998","228","Buy"
"1","118","122","2021-04-15 18:46:54.042","0","62","Buy"
"1","119","-71","2021-04-15 18:46:59.444","1000","0","Sell"
"1","120","124","2021-04-15 18:46:59.534","997","22","Buy"
"1","121","-112","2021-04-15 18:46:59.971","998","0","Buy"
"1","122","126","2021-04-15 18:47:00.487","998","29","Buy"
"1","123","127","2021-04-15 18:47:00.825","1000","71","Sell"
"1","124","128","2021-04-15 18:47:01.011","999","53","Sell"
"1","125","129","2021-04-15 18:47:02.014","998","153","Buy"
"1","126","-119","2021-04-15 18:47:02.447","999","0","Sell"
"1","127","131","2021-04-15 18:47:02.600","1000","24","Sell"
"1","128","132","2021-04-15 18:47:03.450","1000","21","Sell"
"1","129","-98","2021-04-15 18:47:08.472","998","0","Buy"
"1","130","134","2021-04-15 18:47:08.706","997","749","Buy"
"1","131","135","2021-04-15 18:47:10.731","999","34","Sell"
"1","132","-78","2021-04-15 18:47:10.816","998","0","Buy"
"1","133","137","2021-04-15 18:47:10.901","999","61","Sell"
"1","134","138","2021-04-15 18:47:12.229","999","43","Sell"
"1","135","-134","2021-04-15 18:47:12.383","997","0","Buy"
"1","136","140","2021-04-15 18:47:13.339","0","385","Sell"
"1","137","141","2021-04-15 18:47:13.949","998","44","Buy"
"1","138","142","2021-04-15 18:47:14.437","999","21","Sell"
"1","139","-127","2021-04-15 18:47:15.512","1000","0","Sell"
"1","140","-89","2021-04-15 18:47:16.399","999","0","Sell"
"1","141","145","2021-04-15 18:47:17.518","997","43","Buy"
"1","142","146","2021-04-15 18:47:18.835","997","21","Buy"
"1","143","-103","2021-04-15 18:47:20.907","1000","0","Sell"
"1","144","-90","2021-04-15 18:47:21.067","997","0","Buy"
"1","145","149","2021-04-15 18:47:21.236","0","53","Sell"
"1","146","-124","2021-04-15 18:47:21.546","997","0","Buy"
"1","147","151","2021-04-15 18:47:23.643","1000","56","Sell"
"1","148","-110","2021-04-15 18:47:23.885","998","0","Buy"
"1","149","153","2021-04-15 18:47:24.130","0","168","Buy"
"1","150","154","2021-04-15 18:47:24.754","1000","125","Sell"
"1","151","155","2021-04-15 18:47:26.619","998","37","Buy"
"1","152","156","2021-04-15 18:47:28.151","997","80","Buy"
"1","153","157","2021-04-15 18:47:32.396","999","65","Sell"
"1","154","158","2021-04-15 18:47:32.466","999","26","Sell"
"1","155","159","2021-04-15 18:47:38.279","0","69","Sell"
"1","156","-129","2021-04-15 18:47:39.276","998","0","Buy"
"1","157","161","2021-04-15 18:47:42.025","998","31","Buy"
"1","158","162","2021-04-15 18:47:46.833","0","57","Sell"
"1","159","163","2021-04-15 18:47:48.104","997","275","Buy"
"1","160","164","2021-04-15 18:47:54.057","1000","22","Sell"
"1","161","165","2021-04-15 18:47:56.134","997","53","Buy"
"1","162","166","2021-04-15 18:47:56.673","998","1105","Buy"
"1","163","167","2021-04-15 18:47:56.857","0","148","Buy"
"1","164","168","2021-04-15 18:47:58.059","999","93","Sell"
"1","165","169","2021-04-15 18:47:59.789","1000","72","Sell"
"1","166","170","2021-04-15 18:48:04.167","1000","39","Sell"
"1","167","171","2021-04-15 18:48:08.365","999","23","Sell"
"1","168","172","2021-04-15 18:48:09.354","0","359","Sell"
"1","169","-164","2021-04-15 18:48:09.670","1000","0","Sell"
"1","170","174","2021-04-15 18:48:10.313","997","34","Buy"
"1","171","175","2021-04-15 18:48:11.531","998","23","Buy"
"1","172","-151","2021-04-15 18:48:15.561","1000","0","Sell"
"1","173","177","2021-04-15 18:48:17.973","998","84","Buy"
"1","174","178","2021-04-15 18:48:20.113","997","27","Buy"
"1","175","179","2021-04-15 18:48:23.800","1000","929","Sell"
"1","176","-170","2021-04-15 18:48:25.860","1000","0","Sell"
"1","177","-165","2021-04-15 18:48:28.760","997","0","Buy"
"1","178","182","2021-04-15 18:48:29.858","998","20","Buy"
"1","179","-168","2021-04-15 18:48:29.890","999","0","Sell"
"1","180","-156","2021-04-15 18:48:32.951","997","0","Buy"
"1","181","-182","2021-04-15 18:48:33.315","998","0","Buy"
"1","182","186","2021-04-15 18:48:52.742","997","82","Buy"
"1","183","187","2021-04-15 18:48:55.490","999","30","Sell"
"1","184","188","2021-04-15 18:48:55.823","998","85","Buy"
"1","185","-91","2021-04-15 18:49:23.789","1000","0","Sell"
"1","186","190","2021-04-15 18:49:29.816","999","46","Sell"
"1","187","-158","2021-04-15 18:49:30.370","999","0","Sell"
"1","188","192","2021-04-15 18:49:31.662","998","20","Buy"
"1","189","193","2021-04-15 18:49:31.943","999","150","Sell"
"1","190","-193","2021-04-15 18:49:32.730","999","0","Sell"
"1","191","195","2021-04-15 18:49:33.051","998","123","Buy"
"1","192","-177","2021-04-15 18:49:33.382","998","0","Buy"
"1","193","197","2021-04-15 18:49:33.744","0","59","Buy"
"1","194","198","2021-04-15 18:49:33.968","998","44","Buy"
"1","195","199","2021-04-15 18:49:34.352","999","54","Sell"
"1","196","200","2021-04-15 18:49:35.047","0","387","Buy"
"1","197","201","2021-04-15 18:49:35.668","997","82","Buy"
"1","198","202","2021-04-15 18:49:39.522","0","213","Buy"
"1","199","-186","2021-04-15 18:49:40.046","997","0","Buy"
"1","200","205","2021-04-15 18:49:43.660","0","100","Sell"
"1","201","206","2021-04-15 18:49:43.705","999","54","Sell"
"1","202","207","2021-04-15 18:49:46.721","0","56","Sell"
"1","203","208","2021-04-15 18:49:47.068","997","57","Buy"
"1","204","209","2021-04-15 18:49:47.170","997","22","Buy"
"1","205","-206","2021-04-15 18:49:47.653","999","0","Sell"
"1","206","211","2021-04-15 18:49:48.278","997","26","Buy"
"1","207","-192","2021-04-15 18:49:49.235","998","0","Buy"
"1","208","-169","2021-04-15 18:49:49.801","1000","0","Sell"
"1","209","215","2021-04-15 18:49:51.841","0","65","Sell"
"1","210","-163","2021-04-15 18:49:51.975","997","0","Buy"
"1","211","217","2021-04-15 18:49:52.520","997","57","Buy"
"1","212","218","2021-04-15 18:49:52.640","999","30","Buy"
"1","213","219","2021-04-15 18:49:54.162","998","23","Buy"
"1","214","220","2021-04-15 18:49:55.649","998","27","Buy"
"1","215","221","2021-04-15 18:49:55.797","0","175","Buy"
"1","216","222","2021-04-15 18:49:58.646","1001","398","Sell"
"1","217","223","2021-04-15 18:50:01.727","999","23","Buy"
"1","218","224","2021-04-15 18:50:01.787","1001","220","Sell"
"1","219","-224","2021-04-15 18:50:02.658","1001","0","Sell"
"1","220","-222","2021-04-15 18:50:04.858","1001","0","Sell"
"1","221","227","2021-04-15 18:50:06.567","999","165","Buy"
"1","222","228","2021-04-15 18:50:06.868","1000","53","Sell"
"1","223","-218","2021-04-15 18:50:07.088","999","0","Buy"
"1","224","-175","2021-04-15 18:50:08.689","998","0","Buy"
"1","225","-188","2021-04-15 18:50:09.722","998","0","Buy"
"1","226","-219","2021-04-15 18:50:13.775","998","0","Buy"
"1","227","235","2021-04-15 18:50:15.446","1001","33","Sell"
"1","228","-228","2021-04-15 18:50:16.308","1000","0","Sell"
"1","229","237","2021-04-15 18:50:16.606","1000","1954","Sell"
"1","230","-220","2021-04-15 18:50:16.910","998","0","Buy"
"1","231","-217","2021-04-15 18:50:17.124","997","0","Buy"
"1","232","-237","2021-04-15 18:50:18.391","1000","0","Sell"
"1","233","-195","2021-04-15 18:50:18.601","998","0","Buy"
"1","234","-235","2021-04-15 18:50:18.859","1001","0","Sell"
"1","235","-211","2021-04-15 18:50:21.324","997","0","Buy"
"1","236","247","2021-04-15 18:50:22.212","999","96","Buy"
"1","237","248","2021-04-15 18:50:22.349","1000","32","Sell"
"1","238","249","2021-04-15 18:50:22.903","999","85","Buy"
"1","239","250","2021-04-15 18:50:25.360","1001","22","Sell"
"1","240","251","2021-04-15 18:50:26.045","999","51","Buy"
"1","241","252","2021-04-15 18:50:26.489","999","34","Buy"
"1","242","253","2021-04-15 18:50:27.237","999","43","Buy"
"1","243","254","2021-04-15 18:50:29.272","999","27","Buy"
"1","244","255","2021-04-15 18:50:29.594","1000","30","Sell"
"1","245","256","2021-04-15 18:50:30.411","0","1787","Buy"
"1","246","257","2021-04-15 18:50:31.235","998","68","Buy"
"1","247","258","2021-04-15 18:50:31.255","1007","28","Sell"
"1","248","259","2021-04-15 18:50:45.102","0","70","Sell"
"1","249","260","2021-04-15 18:50:46.588","1006","47","Sell"
"1","250","261","2021-04-15 18:50:49.006","998","22","Buy"
"1","251","262","2021-04-15 18:50:49.118","1005","33","Sell"
"1","252","263","2021-04-15 18:50:50.163","1004","118","Sell"
"1","253","264","2021-04-15 18:50:50.664","1003","135","Sell"
"1","254","265","2021-04-15 18:50:51.945","1000","57","Buy"
"1","255","-265","2021-04-15 18:50:52.006","1000","0","Buy"
"1","256","-263","2021-04-15 18:50:52.566","1004","0","Sell"
"1","257","268","2021-04-15 18:50:52.928","1004","177","Sell"
"1","258","269","2021-04-15 18:50:53.175","0","199","Sell"
"1","259","270","2021-04-15 18:50:53.602","1000","31","Buy"
"1","260","271","2021-04-15 18:50:55.648","1002","58","Sell"
"1","261","272","2021-04-15 18:50:56.081","1001","27","Buy"
"1","262","273","2021-04-15 18:50:56.443","1002","75","Sell"
"1","263","-271","2021-04-15 18:50:57.532","1002","0","Sell"
"1","264","-272","2021-04-15 18:50:58.026","1001","0","Buy"
"1","265","276","2021-04-15 18:51:00.900","999","43","Buy"
"1","266","277","2021-04-15 18:51:05.402","0","51","Buy"
"1","267","278","2021-04-15 18:51:13.955","0","127","Sell"
"1","268","-174","2021-04-15 18:51:14.618","997","0","Buy"
"1","269","280","2021-04-15 18:51:23.141","1001","173","Sell"
"1","270","-166","2021-04-15 18:51:24.227","998","0","Buy"
"1","271","282","2021-04-15 18:51:24.900","0","71","Buy"
"1","272","283","2021-04-15 18:51:27.597","1002","44","Sell"
"1","273","-283","2021-04-15 18:51:31.747","1002","0","Sell"
"1","274","285","2021-04-15 18:51:34.074","1000","83","Buy"
"1","275","286","2021-04-15 18:51:35.916","1001","52","Sell"
"1","276","287","2021-04-15 18:51:36.622","1001","484","Sell"
"1","277","288","2021-04-15 18:51:37.310","1000","60","Buy"
"1","278","289","2021-04-15 18:51:38.688","999","152","Buy"
"1","279","-268","2021-04-15 18:51:39.000","1004","0","Sell"
"1","280","-287","2021-04-15 18:51:40.369","1001","0","Sell"
"1","281","292","2021-04-15 18:51:40.698","1000","57","Buy"
"1","282","-273","2021-04-15 18:51:40.840","1002","0","Sell"
"1","283","294","2021-04-15 18:51:46.277","1002","586","Sell"
"1","284","-201","2021-04-15 18:51:51.053","997","0","Buy"
"1","285","296","2021-04-15 18:51:54.074","1001","25","Sell"
"1","286","297","2021-04-15 18:51:55.274","1000","28","Buy"
"1","287","298","2021-04-15 18:52:04.176","0","152","Buy"
"1","288","-296","2021-04-15 18:52:06.175","1001","0","Sell"
"1","289","300","2021-04-15 18:52:07.500","1001","85","Sell"
"1","290","301","2021-04-15 18:52:11.602","1002","84","Sell"
"1","291","302","2021-04-15 18:52:12.130","1000","28","Buy"
"1","292","303","2021-04-15 18:52:12.464","0","60","Sell"
"1","293","304","2021-04-15 18:52:14.990","1000","49","Buy"
"1","294","-178","2021-04-15 18:52:16.740","997","0","Buy"
"1","295","306","2021-04-15 18:52:17.043","1002","31","Sell"
"1","296","-300","2021-04-15 18:52:18.489","1001","0","Sell"
"1","297","-252","2021-04-15 18:52:20.789","999","0","Buy"
"1","298","309","2021-04-15 18:52:21.024","1002","38","Sell"
"1","299","310","2021-04-15 18:52:21.875","1000","23","Buy"
"1","300","311","2021-04-15 18:52:22.346","1002","48","Sell"
"1","301","312","2021-04-15 18:52:23.143","1002","102","Sell"
"1","302","313","2021-04-15 18:52:23.514","0","53","Buy"
"1","303","314","2021-04-15 18:52:23.670","1001","25","Sell"
"1","304","-289","2021-04-15 18:52:24.834","999","0","Buy"
"1","305","316","2021-04-15 18:52:26.213","1002","42","Sell"
"1","306","-314","2021-04-15 18:52:26.800","1001","0","Sell"
"1","307","318","2021-04-15 18:52:28.127","1003","53","Sell"
"1","308","-264","2021-04-15 18:52:29.119","1003","0","Sell"
"1","309","-292","2021-04-15 18:52:31.472","1000","0","Buy"
"1","310","321","2021-04-15 18:52:31.876","1003","29","Sell"
"1","311","322","2021-04-15 18:52:33.156","1001","22","Buy"
"1","312","-145","2021-04-15 18:52:35.317","997","0","Buy"
"1","313","-301","2021-04-15 18:52:35.757","1002","0","Sell"
"1","314","-258","2021-04-15 18:52:36.278","1007","0","Sell"
"1","315","326","2021-04-15 18:52:36.978","1000","20","Buy"
"1","316","-322","2021-04-15 18:52:38.389","1001","0","Buy"
"1","317","328","2021-04-15 18:52:39.560","1003","232","Sell"
"1","318","329","2021-04-15 18:52:39.857","999","45","Buy"
"1","319","330","2021-04-15 18:52:40.127","0","174","Buy"
"1","320","-311","2021-04-15 18:52:46.602","1002","0","Sell"
"1","321","332","2021-04-15 18:52:48.906","1001","46","Buy"
"1","322","333","2021-04-15 18:52:49.342","1002","27","Sell"
"1","323","-332","2021-04-15 18:52:49.689","1001","0","Buy"
"1","324","-326","2021-04-15 18:52:52.201","1000","0","Buy"
"1","325","336","2021-04-15 18:52:55.159","1001","34","Buy"
"1","326","337","2021-04-15 18:52:57.681","0","68","Sell"
"1","327","338","2021-04-15 18:52:57.772","1003","67","Sell"
"1","328","339","2021-04-15 18:52:58.527","1003","1390","Sell"
"1","329","-198","2021-04-15 18:52:59.818","998","0","Buy"
"1","330","341","2021-04-15 18:53:00.413","1001","84","Buy"
"1","331","342","2021-04-15 18:53:00.969","0","114","Sell"
"1","332","343","2021-04-15 18:53:01.426","999","95","Buy"
"1","333","344","2021-04-15 18:53:02.989","1003","25","Sell"
"1","334","-302","2021-04-15 18:53:04.031","1000","0","Buy"
"1","335","346","2021-04-15 18:53:05.659","1001","38","Buy"
"1","336","-253","2021-04-15 18:53:05.988","999","0","Buy"
"1","337","348","2021-04-15 18:53:07.418","1000","21","Buy"
"1","338","349","2021-04-15 18:53:07.618","0","81","Buy"
"1","339","-261","2021-04-15 18:53:07.741","998","0","Buy"
"1","340","351","2021-04-15 18:53:07.955","1001","53","Buy"
"1","341","-309","2021-04-15 18:53:08.526","1002","0","Sell"
"1","342","353","2021-04-15 18:53:09.639","1002","1061","Sell"
"1","343","354","2021-04-15 18:53:10.025","1000","60","Buy"
"1","344","355","2021-04-15 18:53:11.989","1001","26","Buy"
"1","345","356","2021-04-15 18:53:12.512","1001","111","Buy"
"1","346","-348","2021-04-15 18:53:12.800","1000","0","Buy"
"1","347","358","2021-04-15 18:53:12.882","0","94","Buy"
"1","348","359","2021-04-15 18:53:12.956","1001","40","Buy"
"1","349","360","2021-04-15 18:53:13.019","1002","37","Sell"
"1","350","361","2021-04-15 18:53:13.219","1000","21","Buy"
"1","351","-249","2021-04-15 18:53:14.912","999","0","Buy"
"1","352","363","2021-04-15 18:53:14.959","1001","22","Buy"
"1","353","364","2021-04-15 18:53:15.655","1002","1995","Sell"
"1","354","365","2021-04-15 18:53:15.827","1001","26","Buy"
"1","355","-339","2021-04-15 18:53:16.927","1003","0","Sell"
"1","356","367","2021-04-15 18:53:17.732","0","81","Buy"
"1","357","368","2021-04-15 18:53:18.856","1002","33","Sell"
"1","358","-364","2021-04-15 18:53:19.492","1002","0","Sell"
"1","359","370","2021-04-15 18:53:19.642","0","158","Buy"
"1","360","371","2021-04-15 18:53:20.101","1001","48","Buy"
"1","361","372","2021-04-15 18:53:20.139","1003","34","Sell"
"1","362","373","2021-04-15 18:53:20.240","1003","13479","Sell"
"1","363","374","2021-04-15 18:53:20.250","1003","25","Sell"
"1","364","-368","2021-04-15 18:53:20.259","1002","0","Sell"
"1","365","-257","2021-04-15 18:53:20.544","998","0","Buy"
"1","366","377","2021-04-15 18:53:20.686","0","1530","Sell"
"1","367","378","2021-04-15 18:53:21.178","997","26","Buy"
"1","368","379","2021-04-15 18:53:22.362","0","54","Buy"
"1","369","-262","2021-04-15 18:53:22.372","1005","0","Sell"
"1","370","381","2021-04-15 18:53:23.094","996","29","Buy"
"1","371","382","2021-04-15 18:53:23.159","998","22","Buy"
"1","372","383","2021-04-15 18:53:23.161","999","33","Buy"
"1","373","384","2021-04-15 18:53:25.142","1003","31","Sell"
"1","374","-378","2021-04-15 18:53:25.630","997","0","Buy"
"1","375","386","2021-04-15 18:53:25.809","1000","1878","Buy"
"1","376","-312","2021-04-15 18:53:25.899","1002","0","Sell"
"1","377","-344","2021-04-15 18:53:26.135","1003","0","Sell"
"1","378","-316","2021-04-15 18:53:26.158","1002","0","Sell"
"1","379","-386","2021-04-15 18:53:26.401","1000","0","Buy"
"1","380","391","2021-04-15 18:53:27.484","1000","294","Buy"
"1","381","-391","2021-04-15 18:53:29.118","1000","0","Buy"
"1","382","-360","2021-04-15 18:53:29.207","1002","0","Sell"
"1","383","394","2021-04-15 18:53:29.489","998","31","Buy"
"1","384","-328","2021-04-15 18:53:30.240","1003","0","Sell"
"1","385","396","2021-04-15 18:53:30.996","998","1320","Buy"
"1","386","397","2021-04-15 18:53:32.408","1003","272","Sell"
"1","387","-353","2021-04-15 18:53:32.720","1002","0","Sell"
"1","388","399","2021-04-15 18:53:33.199","1000","22","Buy"
"1","389","-318","2021-04-15 18:53:33.485","1003","0","Sell"
"1","390","401","2021-04-15 18:53:33.577","1003","22","Sell"
"1","391","402","2021-04-15 18:53:34.033","1001","45","Sell"
"1","392","403","2021-04-15 18:53:34.590","999","135","Buy"
"1","393","-260","2021-04-15 18:53:35.116","1006","0","Sell"
"1","394","405","2021-04-15 18:53:35.792","1001","49","Sell"
"1","395","406","2021-04-15 18:53:35.793","1001","38","Sell"
"1","396","-396","2021-04-15 18:53:38.029","998","0","Buy"
"1","397","408","2021-04-15 18:53:38.708","1002","20","Sell"
"1","398","-383","2021-04-15 18:53:40.349","999","0","Buy"
"1","399","410","2021-04-15 18:53:40.430","999","31","Buy"
"1","400","411","2021-04-15 18:53:40.555","1001","47","Sell"
"1","401","-338","2021-04-15 18:53:43.440","1003","0","Sell"
"1","402","-399","2021-04-15 18:53:44.249","1000","0","Buy"
"1","403","414","2021-04-15 18:53:44.777","998","24","Buy"
"1","404","-402","2021-04-15 18:53:45.340","1001","0","Sell"
"1","405","416","2021-04-15 18:53:45.342","1002","168","Sell"
"1","406","417","2021-04-15 18:53:52.414","1002","107","Sell"
"1","407","-333","2021-04-15 18:53:53.132","1002","0","Sell"
"1","408","-411","2021-04-15 18:53:53.552","1001","0","Sell"
"1","409","420","2021-04-15 18:53:53.845","1000","25","Buy"
"1","410","421","2021-04-15 18:53:54.286","999","35","Buy"
"1","411","-420","2021-04-15 18:53:54.891","1000","0","Buy"
"1","412","-406","2021-04-15 18:53:55.342","1001","0","Sell"
"1","413","424","2021-04-15 18:53:55.802","0","77","Sell"
"1","414","-374","2021-04-15 18:53:56.428","1003","0","Sell"
"1","415","426","2021-04-15 18:53:56.751","1002","22","Sell"
"1","416","427","2021-04-15 18:53:58.474","1000","23","Sell"
"1","417","428","2021-04-15 18:54:00.574","999","29","Buy"
"1","418","429","2021-04-15 18:54:01.907","999","23","Buy"
"1","419","430","2021-04-15 18:54:02.713","999","35","Buy"
"1","420","-405","2021-04-15 18:54:08.291","1001","0","Sell"
"1","421","-428","2021-04-15 18:54:10.693","999","0","Buy"
"1","422","-429","2021-04-15 18:54:11.604","999","0","Buy"
"1","423","434","2021-04-15 18:54:13.285","0","55","Sell"
"1","424","435","2021-04-15 18:54:13.757","0","66","Buy"
"1","425","-426","2021-04-15 18:54:13.983","1002","0","Sell"
"1","426","-397","2021-04-15 18:54:14.334","1003","0","Sell"
"1","427","-384","2021-04-15 18:54:15.678","1003","0","Sell"
"1","428","439","2021-04-15 18:54:17.729","1000","41","Buy"
"1","429","440","2021-04-15 18:54:18.779","999","32","Buy"
"1","430","441","2021-04-15 18:54:21.429","1001","179","Sell"
"1","431","442","2021-04-15 18:54:21.761","1000","44","Buy"
"1","432","443","2021-04-15 18:54:41.266","1001","1121","Sell"
"1","433","-441","2021-04-15 18:54:42.253","1001","0","Sell"
"1","434","445","2021-04-15 18:54:46.299","0","102","Sell"
"1","435","-440","2021-04-15 18:54:46.514","999","0","Buy"
"1","436","-414","2021-04-15 18:54:47.360","998","0","Buy"
"1","437","448","2021-04-15 18:54:48.916","0","131","Sell"
"1","438","-416","2021-04-15 18:54:50.172","1002","0","Sell"
"1","439","450","2021-04-15 18:54:50.297","1002","61","Sell"
"1","440","451","2021-04-15 18:54:52.712","1002","47","Sell"
"1","441","452","2021-04-15 18:54:53.165","999","21","Buy"
"1","442","-394","2021-04-15 18:54:53.843","998","0","Buy"
"1","443","454","2021-04-15 18:54:54.534","1000","21","Buy"
"1","444","-443","2021-04-15 18:54:57.783","1001","0","Sell"
"1","445","456","2021-04-15 18:54:57.876","1003","121","Sell"
"1","446","457","2021-04-15 18:54:59.999","1001","75","Sell"
"1","447","-451","2021-04-15 18:55:01.249","1002","0","Sell"
"1","448","459","2021-04-15 18:55:01.989","999","38","Buy"
"1","449","460","2021-04-15 18:55:03.003","1000","26","Buy"
"1","450","461","2021-04-15 18:55:04.211","0","82","Sell"
"1","451","462","2021-04-15 18:55:05.662","1000","52","Sell"
"1","452","-462","2021-04-15 18:55:07.080","1000","0","Sell"
"1","453","464","2021-04-15 18:55:10.030","1000","101","Buy"
"1","454","-372","2021-04-15 18:55:10.295","1003","0","Sell"
"1","455","-381","2021-04-15 18:55:10.783","996","0","Buy"
"1","456","467","2021-04-15 18:55:11.662","1002","45","Sell"
"1","457","468","2021-04-15 18:55:11.786","0","5240","Buy"
"1","458","-456","2021-04-15 18:55:12.709","1003","0","Sell"
"1","459","470","2021-04-15 18:55:13.451","0","52","Buy"
"1","460","471","2021-04-15 18:55:15.411","1004","66","Sell"
"1","461","-464","2021-04-15 18:55:17.360","1000","0","Buy"
"1","462","473","2021-04-15 18:55:18.983","998","55","Buy"
"1","463","474","2021-04-15 18:55:19.653","1002","22","Sell"
"1","464","475","2021-04-15 18:55:22.138","998","39","Buy"
"1","465","-474","2021-04-15 18:55:22.681","1002","0","Sell"
"1","466","477","2021-04-15 18:55:22.727","1004","3975","Sell"
"1","467","478","2021-04-15 18:55:24.510","1004","126","Sell"
"1","468","479","2021-04-15 18:55:27.246","1002","29","Sell"
"1","469","480","2021-04-15 18:55:27.307","1001","41","Sell"
"1","470","481","2021-04-15 18:55:28.455","0","51","Buy"
"1","471","482","2021-04-15 18:55:29.701","1000","59","Buy"
"1","472","-373","2021-04-15 18:55:30.948","1003","0","Sell"
"1","473","484","2021-04-15 18:55:32.492","1001","36","Buy"
"1","474","485","2021-04-15 18:55:39.908","0","507","Buy"
"1","475","486","2021-04-15 18:56:01.974","1005","32","Sell"
"1","476","487","2021-04-15 18:56:04.399","0","55","Buy"
"1","477","-477","2021-04-15 18:56:12.036","1004","0","Sell"
"1","478","489","2021-04-15 18:56:13.448","1000","38","Buy"
"1","479","490","2021-04-15 18:56:13.782","1003","470","Sell"
"1","480","491","2021-04-15 18:56:13.803","0","159","Sell"
"1","481","492","2021-04-15 18:56:13.890","1002","86","Sell"
"1","482","-492","2021-04-15 18:56:19.213","1002","0","Sell"
"1","483","-475","2021-04-15 18:56:19.401","998","0","Buy"
"1","484","495","2021-04-15 18:56:21.135","997","34","Buy"
"1","485","496","2021-04-15 18:56:21.613","0","97","Sell"
"1","486","497","2021-04-15 18:56:26.646","997","43","Buy"
"1","487","-490","2021-04-15 18:56:26.969","1003","0","Sell"
"1","488","500","2021-04-15 18:56:33.483","998","299","Buy"
"1","489","501","2021-04-15 18:56:33.780","999","91","Buy"
"1","490","502","2021-04-15 18:56:34.502","1000","39","Buy"
"1","491","503","2021-04-15 18:56:35.012","1003","44","Sell"
"1","492","504","2021-04-15 18:56:35.074","0","76","Buy"
"1","493","505","2021-04-15 18:56:35.171","999","41","Buy"
"1","494","-502","2021-04-15 18:56:35.433","1000","0","Buy"
"1","495","507","2021-04-15 18:56:35.816","0","441","Sell"
"1","496","508","2021-04-15 18:56:35.818","996","84","Buy"
"1","497","509","2021-04-15 18:56:36.068","1003","26","Sell"
"1","498","-497","2021-04-15 18:56:36.552","997","0","Buy"
"1","499","511","2021-04-15 18:56:37.518","1002","23","Sell"
"1","500","512","2021-04-15 18:56:37.758","995","25","Buy"
"1","501","513","2021-04-15 18:56:39.020","995","169","Buy"
"1","502","-511","2021-04-15 18:56:40.192","1002","0","Sell"
"1","503","515","2021-04-15 18:56:40.615","0","66","Sell"
"1","504","-508","2021-04-15 18:56:40.933","996","0","Buy"
"1","505","517","2021-04-15 18:56:41.422","996","206","Buy"
"1","506","-517","2021-04-15 18:56:41.507","996","0","Buy"
"1","507","519","2021-04-15 18:56:41.820","1004","29","Sell"
"1","508","-509","2021-04-15 18:56:41.841","1003","0","Sell"
"1","509","522","2021-04-15 18:56:42.746","994","100","Buy"
"1","510","-513","2021-04-15 18:56:43.819","995","0","Buy"
"1","511","524","2021-04-15 18:56:44.124","0","346","Sell"
"1","512","526","2021-04-15 18:56:45.140","0","72","Buy"
"1","513","529","2021-04-15 18:56:47.735","1003","24","Sell"
"1","514","-519","2021-04-15 18:56:49.438","1004","0","Sell"
"1","515","-529","2021-04-15 18:56:50.118","1003","0","Sell"
"1","516","535","2021-04-15 18:56:51.467","997","22","Buy"
"1","517","536","2021-04-15 18:56:52.123","0","75","Sell"
"1","518","537","2021-04-15 18:56:53.762","1005","27","Sell"
"1","519","538","2021-04-15 18:56:54.175","1005","783","Sell"
"1","520","-538","2021-04-15 18:56:54.325","1005","0","Sell"
"1","521","540","2021-04-15 18:56:54.962","1005","23","Sell"
"1","522","542","2021-04-15 18:56:55.035","1003","24","Sell"
"1","523","544","2021-04-15 18:56:55.362","997","27","Buy"
"1","524","545","2021-04-15 18:56:55.514","998","31","Buy"
"1","525","546","2021-04-15 18:56:55.526","999","42","Buy"
"1","526","547","2021-04-15 18:56:56.266","1004","28","Sell"
"1","527","-537","2021-04-15 18:56:56.763","1005","0","Sell"
"1","528","-542","2021-04-15 18:56:58.646","1003","0","Sell"
"1","529","-544","2021-04-15 18:56:59.184","997","0","Buy"
"1","530","551","2021-04-15 18:56:59.258","998","49","Buy"
"1","531","552","2021-04-15 18:56:59.794","0","130","Buy"
"1","532","553","2021-04-15 18:57:00.575","0","372","Sell"
"1","533","554","2021-04-15 18:57:01.962","997","56","Buy"
"1","534","555","2021-04-15 18:57:03.108","998","47","Sell"
"1","535","556","2021-04-15 18:57:04.029","999","24","Sell"
"1","536","557","2021-04-15 18:57:04.125","998","51","Sell"
"1","537","558","2021-04-15 18:57:05.302","996","48","Buy"
"1","538","559","2021-04-15 18:57:05.323","0","969","Sell"
"1","539","561","2021-04-15 18:57:06.521","997","35","Sell"
"1","540","562","2021-04-15 18:57:07.266","0","64","Buy"
"1","541","563","2021-04-15 18:57:07.542","996","25","Buy"
"1","542","-556","2021-04-15 18:57:07.887","999","0","Sell"
"1","543","-555","2021-04-15 18:57:07.937","998","0","Sell"
"1","544","566","2021-04-15 18:57:08.696","0","50","Sell"
"1","545","567","2021-04-15 18:57:08.860","996","88","Buy"
"1","546","568","2021-04-15 18:57:08.991","0","70","Sell"
"1","547","569","2021-04-15 18:57:09.048","0","72","Sell"
"1","548","571","2021-04-15 18:57:09.946","0","289","Buy"
"1","549","572","2021-04-15 18:57:10.429","994","2019","Buy"
"1","550","573","2021-04-15 18:57:10.646","0","57","Sell"
"1","551","576","2021-04-15 18:57:11.040","1001","43","Sell"
"1","552","578","2021-04-15 18:57:12.267","995","61","Buy"
"1","553","580","2021-04-15 18:57:14.364","996","134","Buy"
"1","554","581","2021-04-15 18:57:14.441","0","57","Buy"
"1","555","-580","2021-04-15 18:57:14.499","996","0","Buy"
"1","556","584","2021-04-15 18:57:15.517","999","24","Sell"
"1","557","585","2021-04-15 18:57:15.702","994","63","Buy"
"1","558","586","2021-04-15 18:57:15.797","998","26","Sell"
"1","559","587","2021-04-15 18:57:15.814","996","110","Buy"
"1","560","-587","2021-04-15 18:57:16.656","996","0","Buy"
"1","561","589","2021-04-15 18:57:17.554","999","361","Sell"
"1","562","-589","2021-04-15 18:57:19.328","999","0","Sell"
"1","563","591","2021-04-15 18:57:19.768","994","23","Buy"
"1","564","592","2021-04-15 18:57:19.850","994","69","Buy"
"1","565","593","2021-04-15 18:57:20.533","997","28","Sell"
"1","566","594","2021-04-15 18:57:20.914","998","135","Sell"
"1","567","-592","2021-04-15 18:57:21.378","994","0","Buy"
"1","568","596","2021-04-15 18:57:23.947","996","49","Sell"
"1","569","597","2021-04-15 18:57:24.793","996","136","Sell"
"1","570","-578","2021-04-15 18:57:25.257","995","0","Buy"
"1","571","-597","2021-04-15 18:57:27.689","996","0","Sell"
"1","572","600","2021-04-15 18:57:28.320","0","59","Sell"
"1","573","601","2021-04-15 18:57:29.651","997","287","Sell"
"1","574","602","2021-04-15 18:57:33.338","995","50","Buy"
"1","575","603","2021-04-15 18:57:34.363","994","1289","Buy"
"1","576","-585","2021-04-15 18:57:34.948","994","0","Buy"
"1","577","-602","2021-04-15 18:57:37.914","995","0","Buy"
"1","578","-596","2021-04-15 18:57:38.186","996","0","Sell"
"1","579","-572","2021-04-15 18:57:40.919","994","0","Buy"
"1","580","-591","2021-04-15 18:57:41.826","994","0","Buy"
"1","581","-594","2021-04-15 18:57:41.930","998","0","Sell"
"1","582","610","2021-04-15 18:57:43.453","993","54","Buy"
"1","583","611","2021-04-15 18:57:44.047","996","21","Sell"
"1","584","612","2021-04-15 18:57:47.149","993","25","Buy"
"1","585","613","2021-04-15 18:57:47.369","995","21","Sell"
"1","586","614","2021-04-15 18:57:54.952","994","366","Buy"
"1","587","615","2021-04-15 18:58:17.624","0","165","Sell"
"1","588","616","2021-04-15 18:58:30.623","994","61","Buy"
"1","589","617","2021-04-15 18:58:34.107","996","22","Sell"
"1","590","618","2021-04-15 18:58:35.218","994","45","Buy"
"1","591","-613","2021-04-15 18:58:43.689","995","0","Sell"
"1","592","620","2021-04-15 18:58:45.078","995","70","Buy"
"1","593","621","2021-04-15 18:58:46.103","994","42","Buy"
"1","594","-620","2021-04-15 18:58:50.725","995","0","Buy"
"1","595","-611","2021-04-15 18:58:50.983","996","0","Sell"
"1","596","624","2021-04-15 18:58:51.218","995","24","Sell"
"1","597","625","2021-04-15 18:58:51.787","993","36","Buy"
"1","598","-617","2021-04-15 18:58:51.795","996","0","Sell"
"1","599","627","2021-04-15 18:58:52.006","993","21","Buy"
"1","600","628","2021-04-15 18:58:52.292","994","21","Buy"
"1","601","629","2021-04-15 18:58:52.599","0","92","Buy"
"1","602","630","2021-04-15 18:58:57.259","993","54","Buy"
"1","603","-627","2021-04-15 18:58:57.724","993","0","Buy"
"1","604","-601","2021-04-15 18:58:59.400","997","0","Sell"
"1","605","633","2021-04-15 18:59:00.937","993","129","Buy"
"1","606","-625","2021-04-15 18:59:05.055","993","0","Buy"
"1","607","635","2021-04-15 18:59:05.091","999","220","Sell"
"1","608","636","2021-04-15 18:59:06.441","0","82","Buy"
"1","609","637","2021-04-15 18:59:07.389","0","60","Sell"
"1","610","639","2021-04-15 18:59:09.607","1000","51","Sell"
"1","611","-612","2021-04-15 18:59:10.008","993","0","Buy"
"1","612","641","2021-04-15 18:59:10.310","0","98","Buy"
"1","613","642","2021-04-15 18:59:10.400","993","67","Buy"
"1","614","-639","2021-04-15 18:59:10.478","1000","0","Sell"
"1","615","644","2021-04-15 18:59:11.116","998","78","Sell"
"1","616","-642","2021-04-15 18:59:13.050","993","0","Buy"
"1","617","646","2021-04-15 18:59:13.069","997","228","Sell"
"1","618","647","2021-04-15 18:59:13.933","0","77","Sell"
"1","619","-644","2021-04-15 18:59:14.777","998","0","Sell"
"1","620","-646","2021-04-15 18:59:15.384","997","0","Sell"
"1","621","650","2021-04-15 18:59:16.871","993","65","Buy"
"1","622","651","2021-04-15 18:59:16.936","998","69","Sell"
"1","623","652","2021-04-15 18:59:18.281","995","23","Buy"
"1","624","653","2021-04-15 18:59:20.151","996","55","Buy"
"1","625","654","2021-04-15 18:59:23.207","997","128","Sell"
"1","626","-653","2021-04-15 18:59:23.400","996","0","Buy"
"1","627","656","2021-04-15 18:59:24.608","996","20","Sell"
"1","628","-616","2021-04-15 18:59:25.323","994","0","Buy"
"1","629","-628","2021-04-15 18:59:25.901","994","0","Buy"
"1","630","659","2021-04-15 18:59:25.940","0","51","Buy"
"1","631","-618","2021-04-15 18:59:28.875","994","0","Buy"
"1","632","-635","2021-04-15 18:59:34.441","999","0","Sell"
"1","633","662","2021-04-15 18:59:34.553","998","75","Sell"
"1","634","663","2021-04-15 18:59:35.063","996","21","Buy"
"1","635","664","2021-04-15 18:59:35.832","998","25","Sell"
"1","636","665","2021-04-15 18:59:35.994","995","23","Buy"
"1","637","-663","2021-04-15 18:59:36.156","996","0","Buy"
"1","638","-650","2021-04-15 18:59:36.938","993","0","Buy"
"1","639","668","2021-04-15 18:59:38.248","0","355","Buy"
"1","640","669","2021-04-15 18:59:42.028","996","271","Buy"
"1","641","-669","2021-04-15 18:59:50.708","996","0","Buy"
"1","642","673","2021-04-15 18:59:50.931","994","62","Buy"
"1","643","674","2021-04-15 18:59:51.885","994","30","Buy"
"1","644","676","2021-04-15 18:59:52.589","0","93","Sell"
"1","645","677","2021-04-15 18:59:59.855","993","40","Buy"
"1","646","678","2021-04-15 19:00:00.700","995","24","Buy"
"1","647","-678","2021-04-15 19:00:01.543","995","0","Buy"
"1","648","680","2021-04-15 19:00:01.839","1004","255","Sell"
"1","649","-680","2021-04-15 19:00:02.333","1004","0","Sell"
"1","650","683","2021-04-15 19:00:04.492","999","43","Sell"
"1","651","-683","2021-04-15 19:00:06.516","999","0","Sell"
"1","652","685","2021-04-15 19:00:07.949","993","127","Buy"
"1","653","686","2021-04-15 19:00:09.036","1003","81","Sell"
"1","654","688","2021-04-15 19:00:10.089","995","24","Buy"
"1","655","689","2021-04-15 19:00:10.294","1002","33","Sell"
"1","656","690","2021-04-15 19:00:10.979","1001","83","Sell"
"1","657","691","2021-04-15 19:00:11.411","996","54","Buy"
"1","658","-690","2021-04-15 19:00:11.536","1001","0","Sell"
"1","659","693","2021-04-15 19:00:11.806","0","63","Buy"
"1","660","694","2021-04-15 19:00:12.096","1004","20","Sell"
"1","661","-691","2021-04-15 19:00:14.928","996","0","Buy"
"1","662","696","2021-04-15 19:00:15.245","994","6584","Buy"
"1","663","697","2021-04-15 19:00:15.328","994","76","Buy"
"1","664","698","2021-04-15 19:00:15.777","0","614","Buy"
"1","665","699","2021-04-15 19:00:16.147","1004","20","Sell"
"1","666","-685","2021-04-15 19:00:16.178","993","0","Buy"
"1","667","701","2021-04-15 19:00:16.454","1005","51","Sell"
"1","668","-688","2021-04-15 19:00:18.048","995","0","Buy"
"1","669","-697","2021-04-15 19:00:18.070","994","0","Buy"
"1","670","-699","2021-04-15 19:00:19.057","1004","0","Sell"
"1","671","705","2021-04-15 19:00:19.145","0","169","Buy"
"1","672","707","2021-04-15 19:00:21.415","998","23","Sell"
"1","673","-630","2021-04-15 19:00:23.597","993","0","Buy"
"1","674","709","2021-04-15 19:00:23.630","997","413","Sell"
"1","675","710","2021-04-15 19:00:24.099","0","1801","Sell"
"1","676","711","2021-04-15 19:00:24.125","998","82","Sell"
"1","677","712","2021-04-15 19:00:25.040","995","36","Buy"
"1","678","713","2021-04-15 19:00:26.279","0","51","Buy"
"1","679","714","2021-04-15 19:00:26.527","0","442","Buy"
"1","680","-712","2021-04-15 19:00:26.846","995","0","Buy"
"1","681","716","2021-04-15 19:00:27.213","999","39","Sell"
"1","682","-716","2021-04-15 19:00:27.304","999","0","Sell"
"1","683","718","2021-04-15 19:00:28.066","999","22","Sell"
"1","684","719","2021-04-15 19:00:28.076","999","27","Sell"
"1","685","-633","2021-04-15 19:00:28.288","993","0","Buy"
"1","686","-718","2021-04-15 19:00:28.769","999","0","Sell"
"1","687","722","2021-04-15 19:00:29.256","993","38","Buy"
"1","688","723","2021-04-15 19:00:29.448","0","219","Sell"
"1","689","-719","2021-04-15 19:00:29.600","999","0","Sell"
"1","690","-722","2021-04-15 19:00:29.736","993","0","Buy"
"1","691","726","2021-04-15 19:00:29.881","999","38","Sell"
"1","692","727","2021-04-15 19:00:30.003","995","48","Buy"
"1","693","728","2021-04-15 19:00:30.670","994","521","Buy"
"1","694","-711","2021-04-15 19:00:30.869","998","0","Sell"
"1","695","730","2021-04-15 19:00:31.369","0","52","Sell"
"1","696","-728","2021-04-15 19:00:31.528","994","0","Buy"
"1","697","732","2021-04-15 19:00:31.924","0","388","Sell"
"1","698","733","2021-04-15 19:00:32.515","1000","24","Sell"
"1","699","734","2021-04-15 19:00:32.517","993","81","Buy"
"1","700","-677","2021-04-15 19:00:32.820","993","0","Buy"
"1","701","-726","2021-04-15 19:00:33.219","999","0","Sell"
"1","702","737","2021-04-15 19:00:33.293","0","133","Buy"
"1","703","739","2021-04-15 19:00:34.679","997","25","Sell"
"1","704","740","2021-04-15 19:00:34.867","995","72","Buy"
"1","705","741","2021-04-15 19:00:35.542","996","31","Buy"
"1","706","742","2021-04-15 19:00:37.656","995","39","Buy"
"1","707","743","2021-04-15 19:00:38.197","995","22","Buy"
"1","708","744","2021-04-15 19:00:38.306","996","35","Buy"
"1","709","745","2021-04-15 19:00:39.138","997","314","Sell"
"1","710","-739","2021-04-15 19:00:39.187","997","0","Sell"
"1","711","747","2021-04-15 19:00:40.490","0","128","Sell"
"1","712","-745","2021-04-15 19:00:42.272","997","0","Sell"
"1","713","750","2021-04-15 19:00:45.391","994","32","Buy"
"1","714","752","2021-04-15 19:00:47.794","1001","663","Sell"
"1","715","-750","2021-04-15 19:00:50.944","994","0","Buy"
"1","716","754","2021-04-15 19:00:51.382","1000","138","Sell"
"1","717","-752","2021-04-15 19:00:51.703","1001","0","Sell"
"1","718","757","2021-04-15 19:00:52.527","996","25","Buy"
"1","719","758","2021-04-15 19:00:53.122","0","1815","Buy"
"1","720","-734","2021-04-15 19:00:56.195","993","0","Buy"
"1","721","760","2021-04-15 19:00:58.007","995","54","Buy"
"1","722","761","2021-04-15 19:00:58.828","999","47","Sell"
"1","723","762","2021-04-15 19:00:59.100","0","173","Sell"
"1","724","763","2021-04-15 19:00:59.942","0","133","Sell"
"1","725","764","2021-04-15 19:01:01.569","993","73","Buy"
"1","726","765","2021-04-15 19:01:01.610","1000","160","Sell"
"1","727","766","2021-04-15 19:01:03.712","998","98","Sell"
"1","728","-764","2021-04-15 19:01:04.029","993","0","Buy"
"1","729","768","2021-04-15 19:01:04.274","997","24","Sell"
"1","730","769","2021-04-15 19:01:04.958","0","4328","Sell"
"1","731","-768","2021-04-15 19:01:05.150","997","0","Sell"
"1","732","771","2021-04-15 19:01:05.903","999","812","Sell"
"1","733","772","2021-04-15 19:01:06.291","997","29","Sell"
"1","734","-772","2021-04-15 19:01:07.641","997","0","Sell"
"1","735","774","2021-04-15 19:01:08.191","997","22","Sell"
"1","736","-696","2021-04-15 19:01:08.870","994","0","Buy"
"1","737","776","2021-04-15 19:01:09.141","994","48","Buy"
"1","738","777","2021-04-15 19:01:09.538","998","27","Sell"
"1","739","778","2021-04-15 19:01:10.441","0","148","Buy"
"1","740","779","2021-04-15 19:01:11.920","1000","27","Sell"
"1","741","780","2021-04-15 19:01:12.136","0","71","Sell"
"1","742","782","2021-04-15 19:01:54.973","998","183","Sell"
"1","743","-610","2021-04-15 19:02:03.431","993","0","Buy"
"1","744","-771","2021-04-15 19:02:10.151","999","0","Sell"
"1","745","785","2021-04-15 19:02:10.453","997","531","Sell"
"1","746","786","2021-04-15 19:02:10.548","988","48","Buy"
"1","747","787","2021-04-15 19:02:15.005","0","200","Sell"
"1","748","788","2021-04-15 19:02:17.459","998","264","Sell"
"1","749","-779","2021-04-15 19:02:19.256","1000","0","Sell"
"1","750","790","2021-04-15 19:02:19.410","998","90","Sell"
"1","751","-785","2021-04-15 19:02:20.232","997","0","Sell"
"1","752","792","2021-04-15 19:02:20.539","0","133","Buy"
"1","753","-788","2021-04-15 19:02:20.629","998","0","Sell"
"1","754","794","2021-04-15 19:02:22.230","999","26","Sell"
"1","755","-782","2021-04-15 19:02:25.498","998","0","Sell"
"1","756","798","2021-04-15 19:02:38.558","997","60","Sell"
"1","757","-798","2021-04-15 19:02:39.865","997","0","Sell"
"1","758","800","2021-04-15 19:02:41.265","0","70","Buy"
"1","759","-794","2021-04-15 19:02:51.594","999","0","Sell"
"1","760","806","2021-04-15 19:02:58.489","994","54","Buy"
"1","761","807","2021-04-15 19:03:02.472","997","92","Sell"
"1","762","808","2021-04-15 19:03:02.860","995","33","Buy"
"1","763","-808","2021-04-15 19:03:03.266","995","0","Buy"
"1","764","810","2021-04-15 19:03:05.813","993","22","Buy"
"1","765","-807","2021-04-15 19:03:12.853","997","0","Sell"
"1","766","812","2021-04-15 19:03:12.865","997","62","Sell"
"1","767","813","2021-04-15 19:03:14.183","993","1365","Buy"
"1","768","814","2021-04-15 19:03:14.859","996","28","Sell"
"1","769","815","2021-04-15 19:03:15.153","993","20","Buy"
"1","770","-814","2021-04-15 19:03:16.508","996","0","Sell"
"1","771","817","2021-04-15 19:03:17.543","996","35","Sell"
"1","772","-812","2021-04-15 19:03:17.970","997","0","Sell"
"1","773","-806","2021-04-15 19:03:18.139","994","0","Buy"
"1","774","820","2021-04-15 19:03:19.313","0","122","Buy"
"1","775","-815","2021-04-15 19:03:21.720","993","0","Buy"
"1","776","824","2021-04-15 19:03:25.634","994","91","Buy"
"1","777","826","2021-04-15 19:03:27.695","0","124","Sell"
"1","778","827","2021-04-15 19:03:30.759","1001","53","Sell"
"1","779","828","2021-04-15 19:03:32.266","1001","27","Sell"
"1","780","829","2021-04-15 19:03:32.465","1001","31","Sell"
"1","781","-813","2021-04-15 19:03:32.708","993","0","Buy"
"1","782","831","2021-04-15 19:03:33.650","1001","82","Sell"
"1","783","833","2021-04-15 19:03:34.385","999","29","Sell"
"1","784","834","2021-04-15 19:03:36.856","0","788","Buy"
"1","785","837","2021-04-15 19:03:37.665","996","33","Buy"
"1","786","838","2021-04-15 19:03:38.082","1005","34","Sell"
"1","787","839","2021-04-15 19:03:38.189","1004","175","Sell"
"1","788","-837","2021-04-15 19:03:38.245","996","0","Buy"
"1","789","842","2021-04-15 19:03:39.775","997","25","Buy"
"1","790","843","2021-04-15 19:03:40.168","1003","89","Sell"
"1","791","-839","2021-04-15 19:03:41.875","1004","0","Sell"
"1","792","845","2021-04-15 19:03:42.731","996","61","Buy"
"1","793","-842","2021-04-15 19:03:43.274","997","0","Buy"
"1","794","847","2021-04-15 19:03:45.675","1004","25","Sell"
"1","795","-845","2021-04-15 19:03:47.085","996","0","Buy"
"1","796","-847","2021-04-15 19:03:48.583","1004","0","Sell"
"1","797","-838","2021-04-15 19:03:50.823","1005","0","Sell"
"1","798","854","2021-04-15 19:03:52.619","1002","48","Buy"
"1","799","855","2021-04-15 19:03:53.284","1002","38","Buy"
"1","800","856","2021-04-15 19:03:54.025","1001","33","Buy"
"1","801","858","2021-04-15 19:04:00.855","1003","43","Sell"
"1","802","859","2021-04-15 19:04:01.150","1003","27","Sell"
"1","803","860","2021-04-15 19:04:01.587","1003","247","Sell"
"1","804","861","2021-04-15 19:04:03.162","1002","49","Buy"
"1","805","862","2021-04-15 19:04:03.326","1001","22","Buy"
"1","806","863","2021-04-15 19:04:04.141","1004","23","Sell"
"1","807","-843","2021-04-15 19:04:04.669","1003","0","Sell"
"1","808","865","2021-04-15 19:04:05.373","0","56","Sell"
"1","809","866","2021-04-15 19:04:06.584","0","62","Sell"
"1","810","867","2021-04-15 19:04:07.334","0","65","Sell"
"1","811","868","2021-04-15 19:04:07.948","1002","89","Buy"
"1","812","-859","2021-04-15 19:04:26.849","1003","0","Sell"
"1","813","870","2021-04-15 19:04:27.257","0","54","Sell"
"1","814","871","2021-04-15 19:04:28.126","1003","48","Sell"
"1","815","-868","2021-04-15 19:04:31.394","1002","0","Buy"
"1","816","-863","2021-04-15 19:04:31.807","1004","0","Sell"
"1","817","874","2021-04-15 19:04:33.126","1004","51","Sell"
"1","818","877","2021-04-15 19:04:36.042","1002","63","Sell"
"1","819","878","2021-04-15 19:04:36.491","1002","40","Sell"
"1","820","879","2021-04-15 19:04:36.836","1002","67","Sell"
"1","821","880","2021-04-15 19:04:37.021","0","933","Buy"
"1","822","882","2021-04-15 19:04:37.807","1007","567","Sell"
"1","823","883","2021-04-15 19:04:40.057","1002","32","Buy"
"1","824","884","2021-04-15 19:04:40.955","0","66","Sell"
"1","825","-882","2021-04-15 19:04:41.589","1007","0","Sell"
"1","826","887","2021-04-15 19:04:42.299","1005","618","Sell"
"1","827","889","2021-04-15 19:04:47.588","1004","40","Sell"
"1","828","-887","2021-04-15 19:04:48.267","1005","0","Sell"
"1","829","892","2021-04-15 19:04:48.502","1003","53","Buy"
"1","830","893","2021-04-15 19:04:50.067","1005","43","Sell"
"1","831","894","2021-04-15 19:04:50.221","1005","66","Sell"
"1","832","896","2021-04-15 19:04:51.277","1004","73","Sell"
"1","833","-896","2021-04-15 19:04:51.971","1004","0","Sell"
"1","834","898","2021-04-15 19:04:52.508","1003","29","Buy"
"1","835","-889","2021-04-15 19:04:52.601","1004","0","Sell"
"1","836","900","2021-04-15 19:04:53.521","1006","25","Sell"
"1","837","901","2021-04-15 19:04:54.798","1006","48","Sell"
"1","838","902","2021-04-15 19:04:54.860","1006","23","Sell"
"1","839","903","2021-04-15 19:04:55.889","0","194","Buy"
"1","840","905","2021-04-15 19:05:04.937","1007","136","Sell"
"1","841","-902","2021-04-15 19:05:07.676","1006","0","Sell"
"1","842","-905","2021-04-15 19:05:08.436","1007","0","Sell"
"1","843","908","2021-04-15 19:05:10.611","1004","25","Buy"
"1","844","909","2021-04-15 19:05:11.185","1003","1491","Buy"
"1","845","910","2021-04-15 19:05:11.419","1007","39","Sell"
"1","846","-908","2021-04-15 19:05:12.172","1004","0","Buy"
"1","847","912","2021-04-15 19:05:12.726","1006","74","Sell"
"1","848","913","2021-04-15 19:05:14.563","1002","39","Buy"
"1","849","-898","2021-04-15 19:05:18.252","1003","0","Buy"
"1","850","-892","2021-04-15 19:05:18.961","1003","0","Buy"
"1","851","916","2021-04-15 19:05:20.488","1007","22","Sell"
"1","852","917","2021-04-15 19:05:23.806","1007","30","Sell"
"1","853","918","2021-04-15 19:05:24.060","1005","92","Sell"
"1","854","919","2021-04-15 19:05:31.968","1002","25","Buy"
"1","855","920","2021-04-15 19:05:32.022","0","76","Buy"
"1","856","921","2021-04-15 19:05:33.105","1004","64","Buy"
"1","857","-912","2021-04-15 19:05:34.878","1006","0","Sell"
"1","858","923","2021-04-15 19:05:36.234","1003","6550","Buy"
"1","859","-916","2021-04-15 19:05:42.856","1007","0","Sell"
"1","860","-923","2021-04-15 19:05:49.269","1003","0","Buy"
"1","861","-917","2021-04-15 19:05:49.349","1007","0","Sell"
"1","862","927","2021-04-15 19:05:51.789","1006","60","Sell"
"1","863","-913","2021-04-15 19:05:52.560","1002","0","Buy"
"1","864","929","2021-04-15 19:05:55.145","1003","33","Buy"
"1","865","930","2021-04-15 19:05:58.942","0","160","Buy"
"1","866","-921","2021-04-15 19:06:03.437","1004","0","Buy"
"1","867","932","2021-04-15 19:06:05.488","1002","27","Buy"
"1","868","933","2021-04-15 19:06:05.704","1002","25","Buy"
"1","869","937","2021-04-15 19:06:08.607","1004","25","Sell"
"1","870","938","2021-04-15 19:06:09.243","1004","22","Sell"
"1","871","-937","2021-04-15 19:06:09.283","1004","0","Sell"
"1","872","941","2021-04-15 19:06:10.049","1005","20","Sell"
"1","873","-941","2021-04-15 19:06:10.114","1005","0","Sell"
"1","874","943","2021-04-15 19:06:10.526","0","128","Sell"
"1","875","-929","2021-04-15 19:06:10.551","1003","0","Buy"
"1","876","945","2021-04-15 19:06:10.846","1002","72","Buy"
"1","877","-933","2021-04-15 19:06:10.924","1002","0","Buy"
"1","878","-909","2021-04-15 19:06:11.160","1003","0","Buy"
"1","879","950","2021-04-15 19:06:14.208","0","85","Buy"
"1","880","-919","2021-04-15 19:06:14.446","1002","0","Buy"
"1","881","952","2021-04-15 19:06:15.250","1003","138","Buy"
"1","882","-952","2021-04-15 19:06:15.256","1003","0","Buy"
"1","883","954","2021-04-15 19:06:15.549","1012","25","Sell"
"1","884","957","2021-04-15 19:06:15.950","1003","56","Buy"
"1","885","-957","2021-04-15 19:06:16.321","1003","0","Buy"
"1","886","959","2021-04-15 19:06:16.378","0","54","Buy"
"1","887","960","2021-04-15 19:06:17.256","1004","36","Sell"
"1","888","-945","2021-04-15 19:06:17.500","1002","0","Buy"
"1","889","963","2021-04-15 19:06:18.050","1003","40","Sell"
"1","890","964","2021-04-15 19:06:19.327","1002","23","Buy"
"1","891","-964","2021-04-15 19:06:19.861","1002","0","Buy"
"1","892","966","2021-04-15 19:06:20.323","1003","54","Sell"
"1","893","967","2021-04-15 19:06:21.688","1001","33","Buy"
"1","894","968","2021-04-15 19:06:22.086","1004","21","Sell"
"1","895","969","2021-04-15 19:06:22.161","0","1168","Sell"
"1","896","972","2021-04-15 19:06:22.617","1004","47","Sell"
"1","897","973","2021-04-15 19:06:22.707","999","24","Buy"
"1","898","974","2021-04-15 19:06:22.845","1004","142","Sell"
"1","899","-973","2021-04-15 19:06:24.042","999","0","Buy"
"1","900","-963","2021-04-15 19:06:25.759","1003","0","Sell"
"1","901","978","2021-04-15 19:06:25.950","1004","69","Sell"
"1","902","-974","2021-04-15 19:06:26.421","1004","0","Sell"
"1","903","980","2021-04-15 19:06:26.663","993","157","Buy"
"1","904","982","2021-04-15 19:06:27.158","992","48","Buy"
"1","905","-968","2021-04-15 19:06:27.555","1004","0","Sell"
"1","906","984","2021-04-15 19:06:28.605","0","164","Buy"
"1","907","-982","2021-04-15 19:06:29.045","992","0","Buy"
"1","908","-980","2021-04-15 19:06:29.102","993","0","Buy"
"1","909","987","2021-04-15 19:06:29.370","1002","29","Buy"
"1","910","988","2021-04-15 19:06:29.417","0","2414","Buy"
"1","911","989","2021-04-15 19:06:29.566","1001","116","Buy"
"1","912","990","2021-04-15 19:06:30.780","1007","34","Sell"
"1","913","991","2021-04-15 19:06:30.894","1003","61","Buy"
"1","914","-989","2021-04-15 19:06:32.521","1001","0","Buy"
"1","915","993","2021-04-15 19:06:32.588","1006","55","Sell"
"1","916","-993","2021-04-15 19:06:33.333","1006","0","Sell"
"1","917","-990","2021-04-15 19:06:33.385","1007","0","Sell"
"1","918","996","2021-04-15 19:06:33.749","0","74","Sell"
"1","919","-987","2021-04-15 19:06:34.181","1002","0","Buy"
"1","920","1000","2021-04-15 19:06:35.389","1009","43","Sell"
"1","921","1001","2021-04-15 19:06:35.703","0","174","Buy"
"1","922","1002","2021-04-15 19:06:36.852","1012","24","Sell"
"1","923","1004","2021-04-15 19:06:37.806","1011","83","Sell"
"1","924","1005","2021-04-15 19:06:38.551","1012","62","Sell"
"1","925","1006","2021-04-15 19:06:39.439","1001","38","Buy"
"1","926","-1004","2021-04-15 19:06:39.556","1011","0","Sell"
"1","927","1009","2021-04-15 19:06:40.557","0","92","Sell"
"1","928","1011","2021-04-15 19:06:41.401","1013","21","Sell"
"1","929","-1011","2021-04-15 19:06:41.915","1013","0","Sell"
"1","930","1013","2021-04-15 19:06:43.987","1011","37","Sell"
"1","931","1014","2021-04-15 19:06:44.157","1012","27","Sell"
"1","932","1015","2021-04-15 19:06:45.002","1002","38","Buy"
"1","933","1016","2021-04-15 19:06:45.949","1003","35","Buy"
"1","934","1017","2021-04-15 19:06:46.042","0","101","Buy"
"1","935","1018","2021-04-15 19:06:46.075","1002","41","Buy"
"1","936","1019","2021-04-15 19:06:48.074","1004","66","Buy"
"1","937","1020","2021-04-15 19:06:50.552","1003","32","Buy"
"1","938","1021","2021-04-15 19:06:54.215","1013","40","Sell"
"1","939","1022","2021-04-15 19:06:54.366","1011","186","Sell"
"1","940","1023","2021-04-15 19:06:57.334","1005","22","Buy"
"1","941","1024","2021-04-15 19:07:08.301","1010","35","Sell"
"1","942","-1024","2021-04-15 19:07:13.692","1010","0","Sell"
"1","943","-1005","2021-04-15 19:07:17.339","1012","0","Sell"
"1","944","-1021","2021-04-15 19:07:17.510","1013","0","Sell"
"1","945","1028","2021-04-15 19:07:18.386","0","61","Sell"
"1","946","1029","2021-04-15 19:07:20.314","1012","24","Sell"
"1","947","-1019","2021-04-15 19:07:21.347","1004","0","Buy"
"1","948","1031","2021-04-15 19:07:21.456","1004","542","Buy"
"1","949","1032","2021-04-15 19:07:21.939","1010","64","Sell"
"1","950","1033","2021-04-15 19:07:21.952","0","462","Buy"
"1","951","-1031","2021-04-15 19:07:26.645","1004","0","Buy"
"1","952","-1015","2021-04-15 19:07:30.008","1002","0","Buy"
"1","953","1040","2021-04-15 19:07:33.179","1004","58","Buy"
"1","954","1041","2021-04-15 19:07:34.456","1003","35","Buy"
"1","955","1042","2021-04-15 19:07:34.922","1003","21","Buy"
"1","956","-1016","2021-04-15 19:07:38.143","1003","0","Buy"
"1","957","1044","2021-04-15 19:07:40.968","1003","25","Buy"
"1","958","1045","2021-04-15 19:07:50.840","0","443","Sell"
"1","959","1047","2021-04-15 19:07:54.067","1008","27","Sell"
"1","960","1048","2021-04-15 19:07:57.627","1007","96","Sell"
"1","961","-1048","2021-04-15 19:07:58.084","1007","0","Sell"
"1","962","1052","2021-04-15 19:08:07.343","999","25","Buy"
"1","963","-1047","2021-04-15 19:08:07.364","1008","0","Sell"
"1","964","1055","2021-04-15 19:08:09.467","1004","23","Sell"
"1","965","1056","2021-04-15 19:08:09.904","1000","149","Buy"
"1","966","1057","2021-04-15 19:08:10.504","1001","24","Buy"
"1","967","1058","2021-04-15 19:08:11.371","1005","145","Sell"
"1","968","1059","2021-04-15 19:08:11.444","1002","219","Buy"
"1","969","1060","2021-04-15 19:08:13.561","1005","63","Sell"
"1","970","1061","2021-04-15 19:08:14.131","0","98","Buy"
"1","971","1063","2021-04-15 19:08:15.611","1003","38","Buy"
"1","972","1064","2021-04-15 19:08:21.101","1002","25","Buy"
"1","973","1065","2021-04-15 19:08:22.389","1002","22","Buy"
"1","974","1066","2021-04-15 19:08:27.262","0","61","Buy"
"1","975","-1063","2021-04-15 19:08:31.027","1003","0","Buy"
"1","976","1068","2021-04-15 19:08:31.270","0","78","Sell"
"1","977","1069","2021-04-15 19:08:31.526","1006","62","Sell"
"1","978","1070","2021-04-15 19:08:32.462","1004","30","Sell"
"1","979","-1064","2021-04-15 19:08:32.557","1002","0","Buy"
"1","980","-1059","2021-04-15 19:08:35.088","1002","0","Buy"
"1","981","1073","2021-04-15 19:08:35.144","1005","22","Sell"
"1","982","-1070","2021-04-15 19:08:35.862","1004","0","Sell"
"1","983","1075","2021-04-15 19:08:36.317","1006","35","Sell"
"1","984","1076","2021-04-15 19:08:40.920","1001","43","Buy"
"1","985","1077","2021-04-15 19:08:41.212","1006","58","Sell"
"1","986","1078","2021-04-15 19:08:41.490","1003","43","Buy"
"1","987","1079","2021-04-15 19:08:42.334","1002","43","Buy"
"1","988","-1057","2021-04-15 19:08:46.381","1001","0","Buy"
"1","989","1081","2021-04-15 19:08:47.123","1002","876","Buy"
"1","990","1082","2021-04-15 19:08:49.545","0","79","Sell"
"1","991","1083","2021-04-15 19:08:50.863","1003","22","Buy"
"1","992","-1081","2021-04-15 19:08:51.263","1002","0","Buy"
"1","993","-1069","2021-04-15 19:08:51.510","1006","0","Sell"
"1","994","1086","2021-04-15 19:08:54.045","1004","234","Buy"
"1","995","1087","2021-04-15 19:08:55.390","1004","22","Buy"
"1","996","-1086","2021-04-15 19:08:56.750","1004","0","Buy"
"1","997","1089","2021-04-15 19:08:56.891","0","204","Sell"
"1","998","1090","2021-04-15 19:08:57.610","999","39","Buy"
"1","999","1091","2021-04-15 19:08:57.822","1001","132","Buy"
"1","1000","1092","2021-04-15 19:08:59.401","1000","63","Buy"
"1","1001","1093","2021-04-15 19:09:06.927","1004","21","Sell"
"1","1002","-1093","2021-04-15 19:09:12.101","1004","0","Sell"
"1","1003","-1077","2021-04-15 19:09:21.737","1006","0","Sell"
"1","1004","1096","2021-04-15 19:09:31.939","1004","52","Sell"
"1","1005","-1090","2021-04-15 19:09:32.102","999","0","Buy"
"1","1006","1098","2021-04-15 19:09:33.616","1002","81","Buy"
"1","1007","1099","2021-04-15 19:09:33.800","1003","23","Buy"
"1","1008","1100","2021-04-15 19:09:35.348","1003","25","Buy"
"1","1009","1101","2021-04-15 19:09:37.486","1002","72","Buy"
"1","1010","1102","2021-04-15 19:09:40.276","0","105","Buy"
"1","1011","1103","2021-04-15 19:09:41.039","1004","34","Buy"
"1","1012","1104","2021-04-15 19:09:42.020","1006","39","Sell"
"1","1013","1105","2021-04-15 19:09:43.716","0","53","Sell"
"1","1014","1106","2021-04-15 19:09:43.743","0","116","Buy"
"1","1015","1108","2021-04-15 19:09:47.101","0","796","Sell"
"1","1016","1111","2021-04-15 19:09:47.515","1009","24","Sell"
"1","1017","1112","2021-04-15 19:09:48.081","1008","280","Buy"
"1","1018","1113","2021-04-15 19:09:48.507","1009","51","Sell"
"1","1019","1114","2021-04-15 19:09:49.367","1009","35","Sell"
"1","1020","-1114","2021-04-15 19:09:49.467","1009","0","Sell"
"1","1021","1116","2021-04-15 19:09:50.344","0","54","Buy"
"1","1022","1118","2021-04-15 19:09:56.517","0","376","Sell"
"1","1023","-1113","2021-04-15 19:09:57.469","1009","0","Sell"
"1","1024","1121","2021-04-15 19:10:08.273","1014","21","Sell"
"1","1025","-1121","2021-04-15 19:10:12.432","1014","0","Sell"
"1","1026","1126","2021-04-15 19:10:13.940","1013","22","Sell"
"1","1027","1129","2021-04-15 19:10:18.297","1005","53","Buy"
"1","1028","1130","2021-04-15 19:10:19.213","1012","4091","Sell"
"1","1029","1131","2021-04-15 19:10:19.253","1004","21","Buy"
"1","1030","1132","2021-04-15 19:10:20.949","1004","29","Buy"
"1","1031","-1131","2021-04-15 19:10:21.925","1004","0","Buy"
"1","1032","1134","2021-04-15 19:10:22.185","1004","308","Buy"
"1","1033","1135","2021-04-15 19:10:24.705","0","9911","Sell"
"1","1034","1136","2021-04-15 19:10:24.941","1013","6720","Sell"
"1","1035","-1130","2021-04-15 19:10:26.641","1012","0","Sell"
"1","1036","1139","2021-04-15 19:10:26.724","0","59","Buy"
"1","1037","1140","2021-04-15 19:10:28.625","1012","102","Sell"
"1","1038","1141","2021-04-15 19:10:29.134","1011","35","Sell"
"1","1039","1143","2021-04-15 19:10:30.431","1004","30","Buy"
"1","1040","-1140","2021-04-15 19:10:30.520","1012","0","Sell"
"1","1041","1145","2021-04-15 19:10:32.437","1005","44","Buy"
"1","1042","1146","2021-04-15 19:10:37.908","1012","61","Sell"
"1","1043","1147","2021-04-15 19:10:38.825","1004","78","Buy"
"1","1044","-1141","2021-04-15 19:10:39.172","1011","0","Sell"
"1","1045","1149","2021-04-15 19:10:39.435","1006","25","Buy"
"1","1046","-1145","2021-04-15 19:10:39.986","1005","0","Buy"
"1","1047","-1147","2021-04-15 19:10:40.063","1004","0","Buy"
"1","1048","1152","2021-04-15 19:10:40.174","1005","217","Buy"
"1","1049","-1152","2021-04-15 19:10:41.658","1005","0","Buy"
"1","1050","-1143","2021-04-15 19:10:42.650","1004","0","Buy"
"1","1051","-1149","2021-04-15 19:10:43.111","1006","0","Buy"
"1","1052","1156","2021-04-15 19:10:43.421","1010","59","Buy"
"1","1053","1157","2021-04-15 19:10:43.512","1011","24","Sell"
"1","1054","1158","2021-04-15 19:10:45.335","1009","44","Buy"
"1","1055","1159","2021-04-15 19:10:45.403","1010","281","Buy"
"1","1056","1160","2021-04-15 19:10:46.326","1010","33","Buy"
"1","1057","1161","2021-04-15 19:10:46.637","1011","943","Sell"
"1","1058","1162","2021-04-15 19:10:46.788","1010","36","Buy"
"1","1059","1163","2021-04-15 19:10:46.864","1009","51","Buy"
"1","1060","1164","2021-04-15 19:10:47.114","0","239","Buy"
"1","1061","-1161","2021-04-15 19:10:47.199","1011","0","Sell"
"1","1062","-1136","2021-04-15 19:10:47.358","1013","0","Sell"
"1","1063","1167","2021-04-15 19:10:48.477","1011","44","Sell"
"1","1064","1168","2021-04-15 19:10:48.927","1012","63","Sell"
"1","1065","1169","2021-04-15 19:10:49.096","1012","34","Sell"
"1","1066","-1168","2021-04-15 19:10:49.289","1012","0","Sell"
"1","1067","-1167","2021-04-15 19:10:49.648","1011","0","Sell"
"1","1068","-1156","2021-04-15 19:10:50.130","1010","0","Buy"
"1","1069","1173","2021-04-15 19:10:50.688","1011","46","Buy"
"1","1070","1174","2021-04-15 19:10:51.066","1011","232","Buy"
"1","1071","1175","2021-04-15 19:10:51.589","1012","30","Sell"
"1","1072","1176","2021-04-15 19:10:52.547","0","84","Buy"
"1","1073","1177","2021-04-15 19:10:53.831","1012","144","Sell"
"1","1074","1178","2021-04-15 19:10:54.730","1012","30","Sell"
"1","1075","-1174","2021-04-15 19:10:55.042","1011","0","Buy"
"1","1076","-1173","2021-04-15 19:10:55.575","1011","0","Buy"
"1","1077","-1169","2021-04-15 19:10:56.564","1012","0","Sell"
"1","1078","1182","2021-04-15 19:10:57.255","0","52","Sell"
"1","1079","1184","2021-04-15 19:10:57.278","0","569","Sell"
"1","1080","1185","2021-04-15 19:10:57.543","1011","28","Buy"
"1","1081","1186","2021-04-15 19:10:58.393","1012","60913","Sell"
"1","1082","1190","2021-04-15 19:11:00.022","1011","46","Buy"
"1","1083","1191","2021-04-15 19:11:00.428","1010","29","Buy"
"1","1084","1192","2021-04-15 19:11:00.454","1013","24","Sell"
"1","1085","-1192","2021-04-15 19:11:00.612","1013","0","Sell"
"1","1086","-1191","2021-04-15 19:11:01.969","1010","0","Buy"
"1","1087","1195","2021-04-15 19:11:02.500","1012","24","Sell"
"1","1088","-1195","2021-04-15 19:11:08.115","1012","0","Sell"
"1","1089","1197","2021-04-15 19:11:08.653","1013","22","Sell"
"1","1090","1198","2021-04-15 19:11:08.963","1013","31","Sell"
"1","1091","1199","2021-04-15 19:11:11.030","0","563","Buy"
"1","1092","1200","2021-04-15 19:11:11.769","1010","29","Buy"
"1","1093","1201","2021-04-15 19:11:12.759","1012","21","Sell"
"1","1094","1202","2021-04-15 19:11:13.281","1013","46","Sell"
"1","1095","-1197","2021-04-15 19:11:14.130","1013","0","Sell"
"1","1096","1204","2021-04-15 19:11:14.433","1013","34","Sell"
"1","1097","1205","2021-04-15 19:11:14.685","0","98","Buy"
"1","1098","-1200","2021-04-15 19:11:14.731","1010","0","Buy"
"1","1099","1209","2021-04-15 19:11:15.791","1012","24","Sell"
"1","1100","-1202","2021-04-15 19:11:16.156","1013","0","Sell"
"1","1101","1211","2021-04-15 19:11:16.916","1012","37","Sell"
"1","1102","1212","2021-04-15 19:11:17.052","1013","48","Sell"
"1","1103","-1190","2021-04-15 19:11:18.181","1011","0","Buy"
"1","1104","1215","2021-04-15 19:11:19.107","0","202","Buy"
"1","1105","1216","2021-04-15 19:11:19.636","1010","242","Buy"
"1","1106","1217","2021-04-15 19:11:19.920","0","51","Sell"
"1","1107","1218","2021-04-15 19:11:20.331","1011","344","Buy"
"1","1108","-1216","2021-04-15 19:11:22.431","1010","0","Buy"
"1","1109","1220","2021-04-15 19:11:22.609","1012","45","Sell"
"1","1110","-1218","2021-04-15 19:11:22.720","1011","0","Buy"
"1","1111","1222","2021-04-15 19:11:23.357","1011","313","Sell"
"1","1112","1223","2021-04-15 19:11:26.454","1002","373","Buy"
"1","1113","1225","2021-04-15 19:11:27.278","1003","82","Buy"
"1","1114","1226","2021-04-15 19:11:27.515","1002","338","Buy"
"1","1115","-1186","2021-04-15 19:11:29.062","1012","0","Sell"
"1","1116","1228","2021-04-15 19:11:29.237","1012","1962","Sell"
"1","1117","1229","2021-04-15 19:11:29.862","1004","249","Buy"
"1","1118","-1223","2021-04-15 19:11:30.191","1002","0","Buy"
"1","1119","1231","2021-04-15 19:11:31.397","1005","115","Buy"
"1","1120","1232","2021-04-15 19:11:31.558","1004","43","Buy"
"1","1121","1233","2021-04-15 19:11:32.225","1006","28","Buy"
"1","1122","-1226","2021-04-15 19:11:32.366","1002","0","Buy"
"1","1123","-1233","2021-04-15 19:11:32.507","1006","0","Buy"
"1","1124","-1231","2021-04-15 19:11:33.389","1005","0","Buy"
"1","1125","-1220","2021-04-15 19:11:33.428","1012","0","Sell"
"1","1126","-1222","2021-04-15 19:11:34.860","1011","0","Sell"
"1","1127","1239","2021-04-15 19:11:35.276","1011","56","Sell"
"1","1128","1240","2021-04-15 19:11:37.819","1010","71","Sell"
"1","1129","-1240","2021-04-15 19:11:40.360","1010","0","Sell"
"1","1130","-1225","2021-04-15 19:11:41.109","1003","0","Buy"
"1","1131","-1232","2021-04-15 19:11:41.582","1004","0","Buy"
"1","1132","1244","2021-04-15 19:11:43.776","1003","50","Buy"
"1","1133","1245","2021-04-15 19:11:44.034","1012","27","Sell"
"1","1134","1246","2021-04-15 19:11:44.851","1010","2846","Sell"
"1","1135","-1229","2021-04-15 19:11:45.477","1004","0","Buy"
"1","1136","1248","2021-04-15 19:11:45.902","1009","141","Sell"
"1","1137","1249","2021-04-15 19:11:46.671","1002","34","Buy"
"1","1138","1250","2021-04-15 19:11:49.416","1010","26","Sell"
"1","1139","1251","2021-04-15 19:11:49.951","0","65","Buy"
"1","1140","-1248","2021-04-15 19:11:51.454","1009","0","Sell"
"1","1141","-1249","2021-04-15 19:11:52.666","1002","0","Buy"
"1","1142","1254","2021-04-15 19:11:52.867","1002","127","Buy"
"1","1143","1255","2021-04-15 19:11:53.628","1011","20","Sell"
"1","1144","-1211","2021-04-15 19:11:54.005","1012","0","Sell"
"1","1145","-1245","2021-04-15 19:11:57.453","1012","0","Sell"
"1","1146","1258","2021-04-15 19:11:58.270","1011","29","Sell"
"1","1147","1259","2021-04-15 19:11:58.452","1011","28","Sell"
"1","1148","-1254","2021-04-15 19:11:59.130","1002","0","Buy"
"1","1149","1261","2021-04-15 19:11:59.324","1009","70","Sell"
"1","1150","1262","2021-04-15 19:12:00.764","1002","108","Buy"
"1","1151","1263","2021-04-15 19:12:05.331","1010","292","Sell"
"1","1152","-1244","2021-04-15 19:12:05.551","1003","0","Buy"
"1","1153","1265","2021-04-15 19:12:06.070","0","836","Sell"
"1","1154","1266","2021-04-15 19:12:07.190","1008","33","Sell"
"1","1155","1268","2021-04-15 19:12:08.084","1007","66","Sell"
"1","1156","1269","2021-04-15 19:12:08.725","997","22","Buy"
"1","1157","1271","2021-04-15 19:12:09.833","996","22","Buy"
"1","1158","-1268","2021-04-15 19:12:10.705","1007","0","Sell"
"1","1159","-1228","2021-04-15 19:12:10.908","1012","0","Sell"
"1","1160","1274","2021-04-15 19:12:12.662","996","40","Buy"
"1","1161","-1271","2021-04-15 19:12:14.299","996","0","Buy"
"1","1162","1276","2021-04-15 19:12:16.694","996","44","Buy"
"1","1163","-1276","2021-04-15 19:12:24.599","996","0","Buy"
"1","1164","1278","2021-04-15 19:12:26.499","998","23","Buy"
"1","1165","1279","2021-04-15 19:12:26.887","997","18953","Buy"
"1","1166","-1269","2021-04-15 19:12:28.914","997","0","Buy"
"1","1167","1281","2021-04-15 19:12:35.605","997","74","Buy"
"1","1168","-1266","2021-04-15 19:12:38.613","1008","0","Sell"
"1","1169","-1261","2021-04-15 19:12:45.981","1009","0","Sell"
"1","1170","1284","2021-04-15 19:12:48.591","999","25","Buy"
"1","1171","1285","2021-04-15 19:12:50.091","1011","176","Sell"
"1","1172","1286","2021-04-15 19:12:50.286","0","79","Buy"
"1","1173","1287","2021-04-15 19:12:52.692","0","259","Buy"
"1","1174","1288","2021-04-15 19:12:53.129","0","203","Sell"
"1","1175","-1246","2021-04-15 19:12:54.602","1010","0","Sell"
"1","1176","1290","2021-04-15 19:12:57.082","0","56","Sell"
"1","1177","1291","2021-04-15 19:12:57.662","1011","221","Sell"
"1","1178","1292","2021-04-15 19:12:58.632","998","33","Buy"
"1","1179","1293","2021-04-15 19:13:01.404","1009","29","Sell"
"1","1180","1294","2021-04-15 19:13:01.691","997","42","Buy"
"1","1181","-1293","2021-04-15 19:13:05.829","1009","0","Sell"
"1","1182","1296","2021-04-15 19:13:06.635","997","129","Buy"
"1","1183","1297","2021-04-15 19:13:07.252","0","60","Buy"
"1","1184","1298","2021-04-15 19:13:07.852","1009","319","Sell"
"1","1185","1299","2021-04-15 19:13:08.333","1008","52","Sell"
"1","1186","-1281","2021-04-15 19:13:08.732","997","0","Buy"
"1","1187","-1209","2021-04-15 19:13:15.244","1012","0","Sell"
"1","1188","1302","2021-04-15 19:13:17.763","1007","36","Sell"
"1","1189","1303","2021-04-15 19:13:19.184","1006","45","Sell"
"1","1190","-1294","2021-04-15 19:13:19.550","997","0","Buy"
"1","1191","-1292","2021-04-15 19:13:19.663","998","0","Buy"
"1","1192","1306","2021-04-15 19:13:22.681","1007","38","Sell"
"1","1193","-1274","2021-04-15 19:13:23.998","996","0","Buy"
"1","1194","1308","2021-04-15 19:13:24.042","998","40","Buy"
"1","1195","1309","2021-04-15 19:13:24.476","999","63","Buy"
"1","1196","-1204","2021-04-15 19:13:27.392","1013","0","Sell"
"1","1197","-1303","2021-04-15 19:13:29.186","1006","0","Sell"
"1","1198","-1279","2021-04-15 19:13:30.586","997","0","Buy"
"1","1199","1313","2021-04-15 19:13:36.476","1008","250","Sell"
"1","1200","-1198","2021-04-15 19:13:38.710","1013","0","Sell"
"1","1201","-1299","2021-04-15 19:13:44.840","1008","0","Sell"
"1","1202","1316","2021-04-15 19:13:47.730","1000","20","Buy"
"1","1203","1317","2021-04-15 19:13:48.943","0","55","Sell"
"1","1204","1318","2021-04-15 19:13:51.070","0","104","Buy"
"1","1205","1319","2021-04-15 19:13:51.289","998","140","Buy"
"1","1206","-1309","2021-04-15 19:13:54.285","999","0","Buy"
"1","1207","1321","2021-04-15 19:13:56.264","1009","85","Sell"
"1","1208","1322","2021-04-15 19:13:57.316","997","51","Buy"
"1","1209","1323","2021-04-15 19:13:59.841","0","555","Sell"
"1","1210","1325","2021-04-15 19:14:00.619","1007","109","Buy"
"1","1211","-1313","2021-04-15 19:14:02.733","1008","0","Sell"
"1","1212","-1298","2021-04-15 19:14:03.910","1009","0","Sell"
"1","1213","1328","2021-04-15 19:14:05.268","1006","31","Buy"
"1","1214","1329","2021-04-15 19:14:05.851","0","1786","Buy"
"1","1215","-1328","2021-04-15 19:14:06.158","1006","0","Buy"
"1","1216","1332","2021-04-15 19:14:06.340","0","380","Sell"
"1","1217","1336","2021-04-15 19:14:08.077","1016","238","Sell"
"1","1218","1338","2021-04-15 19:14:09.290","1006","76","Buy"
"1","1219","-1336","2021-04-15 19:14:09.402","1016","0","Sell"
"1","1220","1341","2021-04-15 19:14:10.800","1005","50","Buy"
"1","1221","1342","2021-04-15 19:14:11.444","1005","58","Buy"
"1","1222","1343","2021-04-15 19:14:11.838","1015","20","Sell"
"1","1223","1344","2021-04-15 19:14:12.594","1016","23","Sell"
"1","1224","1345","2021-04-15 19:14:13.168","1007","24","Buy"
"1","1225","-1345","2021-04-15 19:14:14.320","1007","0","Buy"
"1","1226","-1344","2021-04-15 19:14:14.855","1016","0","Sell"
"1","1227","1348","2021-04-15 19:14:15.542","0","56","Sell"
"1","1228","-1341","2021-04-15 19:14:15.794","1005","0","Buy"
"1","1229","1350","2021-04-15 19:14:16.807","1014","52","Sell"
"1","1230","1351","2021-04-15 19:14:17.498","1007","26","Buy"
"1","1231","-1351","2021-04-15 19:14:18.038","1007","0","Buy"
"1","1232","1353","2021-04-15 19:14:19.832","1005","1352","Buy"
"1","1233","1354","2021-04-15 19:14:20.579","1013","591","Sell"
"1","1234","-1343","2021-04-15 19:14:20.642","1015","0","Sell"
"1","1235","1356","2021-04-15 19:14:22.148","1005","60","Buy"
"1","1236","1357","2021-04-15 19:14:23.399","1012","40","Sell"
"1","1237","1358","2021-04-15 19:14:23.821","1011","30","Sell"
"1","1238","-1358","2021-04-15 19:14:23.975","1011","0","Sell"
"1","1239","-1357","2021-04-15 19:14:24.916","1012","0","Sell"
"1","1240","1361","2021-04-15 19:14:25.884","0","288","Buy"
"1","1241","1362","2021-04-15 19:14:27.374","1014","55","Sell"
"1","1242","1363","2021-04-15 19:14:28.973","0","50","Sell"
"1","1243","1364","2021-04-15 19:14:30.509","1012","349","Sell"
"1","1244","1365","2021-04-15 19:14:31.483","1006","95","Buy"
"1","1245","-1354","2021-04-15 19:14:31.486","1013","0","Sell"
"1","1246","1367","2021-04-15 19:14:33.859","1013","211","Sell"
"1","1247","1368","2021-04-15 19:14:35.737","1011","21","Sell"
"1","1248","1369","2021-04-15 19:14:41.738","1012","33","Sell"
"1","1249","1370","2021-04-15 19:14:44.520","0","81","Sell"
"1","1250","1371","2021-04-15 19:14:45.463","0","1206","Sell"
"1","1251","1372","2021-04-15 19:14:46.303","0","145","Buy"
"1","1252","-1356","2021-04-15 19:14:49.930","1005","0","Buy"
"1","1253","1375","2021-04-15 19:15:03.341","1011","187","Sell"
"1","1254","1376","2021-04-15 19:15:04.292","1010","26","Sell"
"1","1255","1377","2021-04-15 19:15:04.451","1009","29","Sell"
"1","1256","1378","2021-04-15 19:15:05.155","0","61","Sell"
"1","1257","-1377","2021-04-15 19:15:07.198","1009","0","Sell"
"1","1258","1380","2021-04-15 19:15:10.859","0","50","Sell"
"1","1259","1381","2021-04-15 19:15:11.256","1011","40","Sell"
"1","1260","-1350","2021-04-15 19:15:11.653","1014","0","Sell"
"1","1261","1383","2021-04-15 19:15:12.354","0","220","Sell"
"1","1262","1384","2021-04-15 19:15:15.687","1011","40","Sell"
"1","1263","1385","2021-04-15 19:15:17.983","1003","103","Buy"
"1","1264","1386","2021-04-15 19:15:18.648","1002","420","Buy"
"1","1265","1387","2021-04-15 19:15:19.485","1004","51","Buy"
"1","1266","1388","2021-04-15 19:15:21.588","0","71","Sell"
"1","1267","-1385","2021-04-15 19:15:22.216","1003","0","Buy"
"1","1268","1390","2021-04-15 19:15:22.366","1009","23","Sell"
"1","1269","1392","2021-04-15 19:15:27.102","1001","33","Buy"
"1","1270","1393","2021-04-15 19:15:33.124","0","93","Buy"
"1","1271","1394","2021-04-15 19:15:34.824","1003","113","Buy"
"1","1272","1395","2021-04-15 19:15:35.437","1012","261","Sell"
"1","1273","-1364","2021-04-15 19:15:36.297","1012","0","Sell"
"1","1274","-1395","2021-04-15 19:15:36.523","1012","0","Sell"
"1","1275","1398","2021-04-15 19:15:37.468","1010","60","Sell"
"1","1276","1399","2021-04-15 19:15:39.738","1002","39","Buy"
"1","1277","1400","2021-04-15 19:15:39.823","1011","90","Sell"
"1","1278","-1394","2021-04-15 19:15:42.676","1003","0","Buy"
"1","1279","1402","2021-04-15 19:15:43.049","1011","86","Sell"
"1","1280","1403","2021-04-15 19:15:43.250","1011","207","Sell"
"1","1281","1404","2021-04-15 19:15:43.564","1009","80","Sell"
"1","1282","1405","2021-04-15 19:15:43.919","1010","1674","Sell"
"1","1283","-1404","2021-04-15 19:15:44.087","1009","0","Sell"
"1","1284","-1402","2021-04-15 19:15:44.488","1011","0","Sell"
"1","1285","1408","2021-04-15 19:15:45.465","1001","657","Buy"
"1","1286","-1408","2021-04-15 19:15:45.978","1001","0","Buy"
"1","1287","-1386","2021-04-15 19:15:47.273","1002","0","Buy"
"1","1288","1411","2021-04-15 19:15:48.074","1001","20","Buy"
"1","1289","1412","2021-04-15 19:15:48.452","1001","28","Buy"
"1","1290","1413","2021-04-15 19:15:48.940","1001","65","Buy"
"1","1291","1414","2021-04-15 19:15:49.538","1009","24","Sell"
"1","1292","-1375","2021-04-15 19:15:50.843","1011","0","Sell"
"1","1293","1416","2021-04-15 19:15:51.880","1003","42","Buy"
"1","1294","-1414","2021-04-15 19:15:52.704","1009","0","Sell"
"1","1295","1418","2021-04-15 19:15:53.625","1004","25","Buy"
"1","1296","1419","2021-04-15 19:15:56.378","1009","24","Sell"
"1","1297","-1413","2021-04-15 19:15:56.573","1001","0","Buy"
"1","1298","1421","2021-04-15 19:15:57.733","0","52","Sell"
"1","1299","-1398","2021-04-15 19:15:58.188","1010","0","Sell"
"1","1300","1423","2021-04-15 19:15:58.311","1008","36","Sell"
"1","1301","1424","2021-04-15 19:15:58.312","0","60","Buy"
"1","1302","1425","2021-04-15 19:15:58.864","0","157","Sell"
"1","1303","1427","2021-04-15 19:16:00.389","1007","22","Buy"
"1","1304","1428","2021-04-15 19:16:00.630","1006","46","Buy"
"1","1305","1429","2021-04-15 19:16:01.113","1008","65","Buy"
"1","1306","1430","2021-04-15 19:16:01.114","1007","59","Buy"
"1","1307","1431","2021-04-15 19:16:02.515","1007","31","Buy"
"1","1308","1432","2021-04-15 19:16:02.878","1011","62","Sell"
"1","1309","1433","2021-04-15 19:16:03.375","1009","41","Buy"
"1","1310","-1405","2021-04-15 19:16:03.640","1010","0","Sell"
"1","1311","1435","2021-04-15 19:16:04.788","1008","26","Buy"
"1","1312","-1433","2021-04-15 19:16:05.034","1009","0","Buy"
"1","1313","1437","2021-04-15 19:16:05.222","1010","791","Sell"
"1","1314","1438","2021-04-15 19:16:05.261","1009","61","Sell"
"1","1315","1439","2021-04-15 19:16:05.270","1009","20","Sell"
"1","1316","1440","2021-04-15 19:16:06.706","1010","54","Sell"
"1","1317","1441","2021-04-15 19:16:07.770","1010","241","Sell"
"1","1318","-1369","2021-04-15 19:16:08.163","1012","0","Sell"
"1","1319","1443","2021-04-15 19:16:08.279","0","68","Buy"
"1","1320","1444","2021-04-15 19:16:08.589","1007","101","Buy"
"1","1321","-1428","2021-04-15 19:16:08.678","1006","0","Buy"
"1","1322","1446","2021-04-15 19:16:09.052","1007","68","Buy"
"1","1323","1447","2021-04-15 19:16:09.399","1009","128","Sell"
"1","1324","-1435","2021-04-15 19:16:09.619","1008","0","Buy"
"1","1325","1449","2021-04-15 19:16:09.731","1010","31","Sell"
"1","1326","1450","2021-04-15 19:16:09.768","1010","22","Sell"
"1","1327","1451","2021-04-15 19:16:11.308","1010","28","Sell"
"1","1328","1452","2021-04-15 19:16:12.003","1008","95","Buy"
"1","1329","-1381","2021-04-15 19:16:13.439","1011","0","Sell"
"1","1330","1454","2021-04-15 19:16:15.187","1009","73","Sell"
"1","1331","1455","2021-04-15 19:16:15.231","0","61","Buy"
"1","1332","1456","2021-04-15 19:16:18.056","1010","101","Sell"
"1","1333","1457","2021-04-15 19:16:18.126","1008","57","Buy"
"1","1334","-1431","2021-04-15 19:16:18.290","1007","0","Buy"
"1","1335","-1454","2021-04-15 19:16:23.630","1009","0","Sell"
"1","1336","-1449","2021-04-15 19:16:27.126","1010","0","Sell"
"1","1337","1461","2021-04-15 19:16:27.293","1009","26","Sell"
"1","1338","1462","2021-04-15 19:16:32.548","1009","718","Sell"
"1","1339","1463","2021-04-15 19:16:34.075","1007","25","Buy"
"1","1340","-1429","2021-04-15 19:16:34.613","1008","0","Buy"
"1","1341","1465","2021-04-15 19:16:36.640","1009","41","Sell"
"1","1342","1466","2021-04-15 19:16:42.871","1009","29","Sell"
"1","1343","-1441","2021-04-15 19:16:57.457","1010","0","Sell"
"1","1344","1468","2021-04-15 19:17:01.504","0","55","Buy"
"1","1345","1469","2021-04-15 19:17:07.026","1010","24","Sell"
"1","1346","1470","2021-04-15 19:17:10.895","1007","42","Buy"
"1","1347","1471","2021-04-15 19:17:14.488","1010","23","Sell"
"1","1348","-1447","2021-04-15 19:17:15.593","1009","0","Sell"
"1","1349","-1432","2021-04-15 19:17:19.112","1011","0","Sell"
"1","1350","-1457","2021-04-15 19:17:19.884","1008","0","Buy"
"1","1351","-1470","2021-04-15 19:17:21.671","1007","0","Buy"
"1","1352","1476","2021-04-15 19:17:23.570","1007","34","Buy"
"1","1353","1477","2021-04-15 19:17:31.265","1007","78","Buy"
"1","1354","1478","2021-04-15 19:17:32.034","1009","22","Sell"
"1","1355","1479","2021-04-15 19:17:34.202","1010","69","Sell"
"1","1356","1480","2021-04-15 19:17:34.568","0","55","Buy"
"1","1357","1481","2021-04-15 19:17:34.599","1007","101","Buy"
"1","1358","1482","2021-04-15 19:17:36.039","1009","22","Sell"
"1","1359","1483","2021-04-15 19:17:36.351","0","81","Buy"
"1","1360","-1446","2021-04-15 19:17:37.497","1007","0","Buy"
"1","1361","1485","2021-04-15 19:17:38.439","0","83","Sell"
"1","1362","1486","2021-04-15 19:17:39.652","1009","88","Sell"
"1","1363","1487","2021-04-15 19:17:39.933","1007","46","Buy"
"1","1364","1488","2021-04-15 19:17:43.277","1009","29","Sell"
"1","1365","-1452","2021-04-15 19:17:43.677","1008","0","Buy"
"1","1366","1490","2021-04-15 19:17:43.977","1008","591","Buy"
"1","1367","-1440","2021-04-15 19:17:44.795","1010","0","Sell"
"1","1368","1492","2021-04-15 19:17:45.131","1009","22","Sell"
"1","1369","-1450","2021-04-15 19:17:45.252","1010","0","Sell"
"1","1370","-1367","2021-04-15 19:17:45.443","1013","0","Sell"
"1","1371","-1490","2021-04-15 19:17:45.583","1008","0","Buy"
"1","1372","1496","2021-04-15 19:17:46.104","1008","48","Sell"
"1","1373","-1496","2021-04-15 19:17:46.111","1008","0","Sell"
"1","1374","1498","2021-04-15 19:17:46.384","1006","87","Buy"
"1","1375","-1477","2021-04-15 19:17:46.535","1007","0","Buy"
"1","1376","1500","2021-04-15 19:17:47.472","1008","114","Buy"
"1","1377","1501","2021-04-15 19:17:48.384","1009","44","Sell"
"1","1378","-1486","2021-04-15 19:17:48.624","1009","0","Sell"
"1","1379","1503","2021-04-15 19:17:49.676","0","100","Buy"
"1","1380","1504","2021-04-15 19:17:51.363","1007","43","Buy"
"1","1381","-1451","2021-04-15 19:17:51.471","1010","0","Sell"
"1","1382","-1504","2021-04-15 19:17:51.927","1007","0","Buy"
"1","1383","1507","2021-04-15 19:17:52.240","1010","34","Sell"
"1","1384","-1500","2021-04-15 19:17:52.674","1008","0","Buy"
"1","1385","-1465","2021-04-15 19:17:52.889","1009","0","Sell"
"1","1386","1510","2021-04-15 19:17:54.775","1008","45","Buy"
"1","1387","1511","2021-04-15 19:17:57.427","1010","157","Sell"
"1","1388","-1476","2021-04-15 19:17:57.458","1007","0","Buy"
"1","1389","1513","2021-04-15 19:17:58.005","1007","22","Buy"
"1","1390","-1384","2021-04-15 19:17:58.804","1011","0","Sell"
"1","1391","1515","2021-04-15 19:17:58.852","1009","108","Sell"
"1","1392","1516","2021-04-15 19:17:58.861","1007","70","Buy"
"1","1393","1517","2021-04-15 19:18:00.097","1007","614","Buy"
"1","1394","1518","2021-04-15 19:18:00.402","1007","52","Buy"
"1","1395","1519","2021-04-15 19:18:01.845","1007","30","Buy"
"1","1396","-1462","2021-04-15 19:18:03.037","1009","0","Sell"
"1","1397","-1510","2021-04-15 19:18:05.995","1008","0","Buy"
"1","1398","-1498","2021-04-15 19:18:06.003","1006","0","Buy"
"1","1399","1523","2021-04-15 19:18:07.765","1010","61","Sell"
"1","1400","1524","2021-04-15 19:18:08.281","1008","165","Buy"
"1","1401","1525","2021-04-15 19:18:09.111","1010","92","Sell"
"1","1402","1526","2021-04-15 19:18:09.575","0","72","Buy"
"1","1403","-1524","2021-04-15 19:18:09.793","1008","0","Buy"
"1","1404","1528","2021-04-15 19:18:12.477","1006","175","Buy"
"1","1405","1529","2021-04-15 19:18:12.776","1008","35","Buy"
"1","1406","-1487","2021-04-15 19:18:14.117","1007","0","Buy"
"1","1407","1531","2021-04-15 19:18:14.315","0","157","Sell"
"1","1408","1532","2021-04-15 19:18:14.654","1010","61","Sell"
"1","1409","1533","2021-04-15 19:18:14.745","0","172","Buy"
"1","1410","1534","2021-04-15 19:18:14.862","1008","343","Buy"
"1","1411","-1437","2021-04-15 19:18:15.453","1010","0","Sell"
"1","1412","-1519","2021-04-15 19:18:15.887","1007","0","Buy"
"1","1413","1537","2021-04-15 19:18:15.993","1008","61","Buy"
"1","1414","-1534","2021-04-15 19:18:16.037","1008","0","Buy"
"1","1415","1539","2021-04-15 19:18:17.217","0","188","Buy"
"1","1416","-1537","2021-04-15 19:18:17.273","1008","0","Buy"
"1","1417","1541","2021-04-15 19:18:17.275","0","164","Buy"
"1","1418","1542","2021-04-15 19:18:17.353","0","255","Buy"
"1","1419","-1528","2021-04-15 19:18:17.540","1006","0","Buy"
"1","1420","1544","2021-04-15 19:18:17.763","0","63","Buy"
"1","1421","-1403","2021-04-15 19:18:18.550","1011","0","Sell"
"1","1422","-1362","2021-04-15 19:18:18.605","1014","0","Sell"
"1","1423","1547","2021-04-15 19:18:18.757","1008","62","Buy"
"1","1424","1548","2021-04-15 19:18:18.889","0","64","Buy"
"1","1425","1549","2021-04-15 19:18:18.890","1009","60","Buy"
"1","1426","-1549","2021-04-15 19:18:19.627","1009","0","Buy"
"1","1427","1551","2021-04-15 19:18:19.943","1012","35","Sell"
"1","1428","1552","2021-04-15 19:18:20.837","0","67","Sell"
"1","1429","1554","2021-04-15 19:18:21.419","1012","202","Sell"
"1","1430","-1400","2021-04-15 19:18:22.044","1011","0","Sell"
"1","1431","1556","2021-04-15 19:18:22.312","1011","2227","Sell"
"1","1432","1557","2021-04-15 19:18:23.120","1008","21","Buy"
"1","1433","-1557","2021-04-15 19:18:25.379","1008","0","Buy"
"1","1434","-1556","2021-04-15 19:18:26.177","1011","0","Sell"
"1","1435","1561","2021-04-15 19:18:27.063","1008","65","Buy"
"1","1436","1562","2021-04-15 19:18:28.790","0","69","Sell"
"1","1437","1563","2021-04-15 19:18:28.863","1006","157","Buy"
"1","1438","1564","2021-04-15 19:18:29.273","1006","34","Buy"
"1","1439","-1463","2021-04-15 19:18:29.633","1007","0","Buy"
"1","1440","1566","2021-04-15 19:18:30.078","0","2661","Sell"
"1","1441","1567","2021-04-15 19:18:30.295","1010","116","Buy"
"1","1442","1568","2021-04-15 19:18:30.716","0","66","Buy"
"1","1443","1570","2021-04-15 19:18:31.462","1013","107","Sell"
"1","1444","1571","2021-04-15 19:18:31.476","1013","52","Sell"
"1","1445","1572","2021-04-15 19:18:32.837","1011","23","Sell"
"1","1446","-1572","2021-04-15 19:18:33.067","1011","0","Sell"
"1","1447","-1567","2021-04-15 19:18:33.212","1010","0","Buy"
"1","1448","1575","2021-04-15 19:18:34.373","1002","84","Buy"
"1","1449","-1575","2021-04-15 19:18:35.224","1002","0","Buy"
"1","1450","1577","2021-04-15 19:18:36.128","1011","24","Sell"
"1","1451","1578","2021-04-15 19:18:36.898","1006","48","Buy"
"1","1452","-1578","2021-04-15 19:18:39.657","1006","0","Buy"
"1","1453","1581","2021-04-15 19:18:40.274","1012","21","Sell"
"1","1454","1582","2021-04-15 19:18:40.501","1010","20","Sell"
"1","1455","1585","2021-04-15 19:18:43.137","1005","24","Buy"
"1","1456","1586","2021-04-15 19:18:43.195","1006","35","Buy"
"1","1457","1587","2021-04-15 19:18:44.348","1009","33","Sell"
"1","1458","-1585","2021-04-15 19:18:46.128","1005","0","Buy"
"1","1459","1589","2021-04-15 19:18:47.924","0","56","Sell"
"1","1460","1590","2021-04-15 19:18:48.151","0","136","Buy"
"1","1461","1592","2021-04-15 19:18:48.654","1013","35","Sell"
"1","1462","1593","2021-04-15 19:18:50.238","1007","50","Buy"
"1","1463","-1571","2021-04-15 19:18:52.705","1013","0","Sell"
"1","1464","-1592","2021-04-15 19:18:55.746","1013","0","Sell"
"1","1465","-1593","2021-04-15 19:18:56.524","1007","0","Buy"
"1","1466","1598","2021-04-15 19:18:57.323","1013","29","Sell"
"1","1467","1599","2021-04-15 19:18:59.912","1011","62","Sell"
"1","1468","1601","2021-04-15 19:19:03.015","1001","26","Buy"
"1","1469","-1570","2021-04-15 19:19:04.202","1013","0","Sell"
"1","1470","1603","2021-04-15 19:19:05.793","1000","23","Buy"
"1","1471","-1599","2021-04-15 19:19:05.976","1011","0","Sell"
"1","1472","1605","2021-04-15 19:19:11.160","1011","25","Sell"
"1","1473","-1554","2021-04-15 19:19:12.344","1012","0","Sell"
"1","1474","-1603","2021-04-15 19:19:14.406","1000","0","Buy"
"1","1475","1608","2021-04-15 19:19:16.992","1012","72","Sell"
"1","1476","1609","2021-04-15 19:19:19.520","1012","62","Sell"
"1","1477","1610","2021-04-15 19:19:19.891","1010","24","Sell"
"1","1478","-1609","2021-04-15 19:19:21.775","1012","0","Sell"
"1","1479","1612","2021-04-15 19:19:22.656","1000","48","Buy"
"1","1480","-1581","2021-04-15 19:19:22.828","1012","0","Sell"
"1","1481","-1610","2021-04-15 19:19:22.956","1010","0","Sell"
"1","1482","1615","2021-04-15 19:19:23.803","1012","47","Sell"
"1","1483","1616","2021-04-15 19:19:24.486","1010","32","Sell"
"1","1484","-1612","2021-04-15 19:19:24.982","1000","0","Buy"
"1","1485","-1616","2021-04-15 19:19:26.674","1010","0","Sell"
"1","1486","-1608","2021-04-15 19:19:26.715","1012","0","Sell"
"1","1487","-1601","2021-04-15 19:19:27.692","1001","0","Buy"
"1","1488","1621","2021-04-15 19:19:30.287","1012","25","Sell"
"1","1489","-1621","2021-04-15 19:19:37.181","1012","0","Sell"
"1","1490","1625","2021-04-15 19:19:39.686","1010","26","Sell"
"1","1491","-1605","2021-04-15 19:19:42.738","1011","0","Sell"
"1","1492","1628","2021-04-15 19:19:44.627","1009","20","Sell"
"1","1493","-1598","2021-04-15 19:19:45.967","1013","0","Sell"
"1","1494","-1615","2021-04-15 19:19:47.274","1012","0","Sell"
"1","1495","1632","2021-04-15 19:19:52.913","1008","445","Buy"
"1","1496","1633","2021-04-15 19:19:54.012","0","1360","Buy"
"1","1497","1635","2021-04-15 19:19:59.683","1018","449","Sell"
"1","1498","1636","2021-04-15 19:19:59.692","1019","24","Sell"
"1","1499","1637","2021-04-15 19:20:01.700","1007","29","Buy"
"1","1500","-1636","2021-04-15 19:20:01.885","1019","0","Sell"
"1","1501","1639","2021-04-15 19:20:03.567","0","68","Buy"
"1","1502","1641","2021-04-15 19:20:04.660","1017","46","Sell"
"1","1503","1642","2021-04-15 19:20:10.055","1009","22","Buy"
"1","1504","-1642","2021-04-15 19:20:14.625","1009","0","Buy"
"1","1505","-1632","2021-04-15 19:20:14.931","1008","0","Buy"
"1","1506","1646","2021-04-15 19:20:19.627","1018","27","Sell"
"1","1507","1647","2021-04-15 19:20:45.151","1016","120","Sell"
"1","1508","1648","2021-04-15 19:20:46.661","1006","52","Buy"
"1","1509","1649","2021-04-15 19:20:51.803","1015","44","Sell"
"1","1510","-1637","2021-04-15 19:20:52.610","1007","0","Buy"
"1","1511","1651","2021-04-15 19:20:53.324","1014","33","Sell"
"1","1512","1652","2021-04-15 19:20:55.950","1005","64","Buy"
"1","1513","-1651","2021-04-15 19:20:56.584","1014","0","Sell"
"1","1514","-1652","2021-04-15 19:21:07.941","1005","0","Buy"
"1","1515","-1649","2021-04-15 19:21:08.035","1015","0","Sell"
"1","1516","-1648","2021-04-15 19:21:09.973","1006","0","Buy"
"1","1517","1657","2021-04-15 19:21:10.225","1017","23","Sell"
"1","1518","1658","2021-04-15 19:21:10.653","0","156","Buy"
"1","1519","1659","2021-04-15 19:21:10.931","1016","26","Sell"
"1","1520","1660","2021-04-15 19:21:11.167","1011","143","Buy"
"1","1521","-1659","2021-04-15 19:21:11.389","1016","0","Sell"
"1","1522","1662","2021-04-15 19:21:11.890","1018","39","Sell"
"1","1523","1663","2021-04-15 19:21:13.662","1010","24","Buy"
"1","1524","1664","2021-04-15 19:21:13.736","1010","24","Buy"
"1","1525","-1662","2021-04-15 19:21:15.051","1018","0","Sell"
"1","1526","-1663","2021-04-15 19:21:15.480","1010","0","Buy"
"1","1527","1667","2021-04-15 19:21:16.385","0","336","Buy"
"1","1528","1668","2021-04-15 19:21:18.225","1017","32","Sell"
"1","1529","1669","2021-04-15 19:21:18.347","0","103","Sell"
"1","1530","1670","2021-04-15 19:21:18.455","1012","22","Buy"
"1","1531","-1664","2021-04-15 19:21:18.895","1010","0","Buy"
"1","1532","-1660","2021-04-15 19:21:19.289","1011","0","Buy"
"1","1533","-1646","2021-04-15 19:21:19.620","1018","0","Sell"
"1","1534","1674","2021-04-15 19:21:21.127","1016","54","Sell"
"1","1535","1675","2021-04-15 19:21:22.466","1013","20","Buy"
"1","1536","1676","2021-04-15 19:21:24.288","0","253","Buy"
"1","1537","-1670","2021-04-15 19:21:25.773","1012","0","Buy"
"1","1538","1681","2021-04-15 19:21:26.527","1019","41","Sell"
"1","1539","1682","2021-04-15 19:21:26.821","0","165","Sell"
"1","1540","-1681","2021-04-15 19:21:27.356","1019","0","Sell"
"1","1541","1685","2021-04-15 19:21:28.869","1016","37","Buy"
"1","1542","1686","2021-04-15 19:21:28.968","1017","122","Buy"
"1","1543","1687","2021-04-15 19:21:29.579","1016","142","Buy"
"1","1544","1690","2021-04-15 19:21:30.799","1021","57","Sell"
"1","1545","1691","2021-04-15 19:21:30.874","1018","118","Buy"
"1","1546","1692","2021-04-15 19:21:31.578","1022","27","Sell"
"1","1547","1693","2021-04-15 19:21:31.614","1017","49","Buy"
"1","1548","-1691","2021-04-15 19:21:31.789","1018","0","Buy"
"1","1549","-1693","2021-04-15 19:21:33.232","1017","0","Buy"
"1","1550","1696","2021-04-15 19:21:34.227","1018","23","Buy"
"1","1551","1697","2021-04-15 19:21:34.570","1020","28","Sell"
"1","1552","-1696","2021-04-15 19:21:34.663","1018","0","Buy"
"1","1553","1699","2021-04-15 19:21:35.340","1018","27","Buy"
"1","1554","1700","2021-04-15 19:21:35.638","0","311","Sell"
"1","1555","1701","2021-04-15 19:21:36.801","1015","26","Buy"
"1","1556","1702","2021-04-15 19:21:37.070","1015","24","Buy"
"1","1557","-1697","2021-04-15 19:21:37.408","1020","0","Sell"
"1","1558","-1687","2021-04-15 19:21:39.187","1016","0","Buy"
"1","1559","1705","2021-04-15 19:21:39.284","1020","30","Sell"
"1","1560","-1692","2021-04-15 19:21:39.952","1022","0","Sell"
"1","1561","1707","2021-04-15 19:21:40.033","0","85","Sell"
"1","1562","-1705","2021-04-15 19:21:40.172","1020","0","Sell"
"1","1563","1709","2021-04-15 19:21:40.527","0","269","Buy"
"1","1564","1710","2021-04-15 19:21:41.370","1016","22","Buy"
"1","1565","-1710","2021-04-15 19:21:43.577","1016","0","Buy"
"1","1566","1717","2021-04-15 19:21:48.391","1017","20","Buy"
"1","1567","1718","2021-04-15 19:21:49.294","1024","217","Sell"
"1","1568","1719","2021-04-15 19:21:50.195","1018","27","Buy"
"1","1569","-1719","2021-04-15 19:21:52.278","1018","0","Buy"
"1","1570","1722","2021-04-15 19:21:52.924","1018","39","Buy"
"1","1571","1723","2021-04-15 19:21:56.612","1025","80","Sell"
"1","1572","-1717","2021-04-15 19:21:57.078","1017","0","Buy"
"1","1573","1725","2021-04-15 19:21:57.605","1023","80","Sell"
"1","1574","1726","2021-04-15 19:21:58.425","0","129","Buy"
"1","1575","1728","2021-04-15 19:22:01.304","1025","23","Sell"
"1","1576","-1723","2021-04-15 19:22:07.008","1025","0","Sell"
"1","1577","1732","2021-04-15 19:22:08.973","1025","30","Sell"
"1","1578","1733","2021-04-15 19:22:10.665","1019","29","Buy"
"1","1579","-1733","2021-04-15 19:22:11.020","1019","0","Buy"
"1","1580","-1732","2021-04-15 19:22:11.549","1025","0","Sell"
"1","1581","1736","2021-04-15 19:22:15.402","1019","87","Buy"
"1","1582","1737","2021-04-15 19:22:18.231","1025","459","Sell"
"1","1583","-1728","2021-04-15 19:22:19.669","1025","0","Sell"
"1","1584","1739","2021-04-15 19:22:19.910","1025","25","Sell"
"1","1585","1740","2021-04-15 19:22:20.875","1023","67","Sell"
"1","1586","-1736","2021-04-15 19:22:22.448","1019","0","Buy"
"1","1587","1742","2021-04-15 19:22:23.798","1019","203","Buy"
"1","1588","1743","2021-04-15 19:22:24.881","1020","217","Buy"
"1","1589","1744","2021-04-15 19:22:26.812","1024","75","Sell"
"1","1590","1745","2021-04-15 19:22:27.186","1019","62","Buy"
"1","1591","1746","2021-04-15 19:22:27.207","1021","42","Buy"
"1","1592","1747","2021-04-15 19:22:31.090","1022","36","Sell"
"1","1593","-1747","2021-04-15 19:22:31.504","1022","0","Sell"
"1","1594","-1718","2021-04-15 19:22:35.084","1024","0","Sell"
"1","1595","-1745","2021-04-15 19:22:35.310","1019","0","Buy"
"1","1596","-1746","2021-04-15 19:22:35.313","1021","0","Buy"
"1","1597","-1744","2021-04-15 19:22:35.726","1024","0","Sell"
"1","1598","1753","2021-04-15 19:22:36.201","0","52","Sell"
"1","1599","-1743","2021-04-15 19:22:36.413","1020","0","Buy"
"1","1600","1755","2021-04-15 19:22:36.725","1018","49","Buy"
"1","1601","1756","2021-04-15 19:22:36.845","1024","54","Sell"
"1","1602","1757","2021-04-15 19:22:37.687","1018","24","Buy"
"1","1603","1758","2021-04-15 19:22:38.018","1024","55","Sell"
"1","1604","1759","2021-04-15 19:22:38.159","1024","70","Sell"
"1","1605","-1742","2021-04-15 19:22:39.609","1019","0","Buy"
"1","1606","1761","2021-04-15 19:22:40.764","1024","244","Sell"
"1","1607","1762","2021-04-15 19:22:40.860","0","57","Sell"
"1","1608","1763","2021-04-15 19:22:41.046","1022","26","Sell"
"1","1609","1764","2021-04-15 19:22:41.367","0","270","Sell"
"1","1610","1768","2021-04-15 19:22:43.918","1019","56","Buy"
"1","1611","-1763","2021-04-15 19:22:45.655","1022","0","Sell"
"1","1612","1771","2021-04-15 19:22:45.814","0","56","Buy"
"1","1613","-1768","2021-04-15 19:22:46.156","1019","0","Buy"
"1","1614","-1740","2021-04-15 19:22:46.232","1023","0","Sell"
"1","1615","-1737","2021-04-15 19:22:52.352","1025","0","Sell"
"1","1616","1777","2021-04-15 19:22:53.592","1019","33","Buy"
"1","1617","-1739","2021-04-15 19:22:56.213","1025","0","Sell"
"1","1618","1781","2021-04-15 19:22:57.428","0","107","Buy"
"1","1619","1783","2021-04-15 19:23:00.872","0","51","Buy"
"1","1620","-1761","2021-04-15 19:23:01.379","1024","0","Sell"
"1","1621","1785","2021-04-15 19:23:05.261","1023","65","Sell"
"1","1622","1786","2021-04-15 19:23:07.210","1018","35","Buy"
"1","1623","1787","2021-04-15 19:23:07.594","1020","43","Buy"
"1","1624","1788","2021-04-15 19:23:08.344","1019","53","Buy"
"1","1625","1789","2021-04-15 19:23:10.352","0","107","Buy"
"1","1626","1790","2021-04-15 19:23:10.974","1019","56","Buy"
"1","1627","-1790","2021-04-15 19:23:12.643","1019","0","Buy"
"1","1628","1792","2021-04-15 19:23:13.327","1019","70","Buy"
"1","1629","1793","2021-04-15 19:23:13.597","1026","24","Sell"
"1","1630","1794","2021-04-15 19:23:14.152","1025","113","Sell"
"1","1631","-1777","2021-04-15 19:23:14.942","1019","0","Buy"
"1","1632","1796","2021-04-15 19:23:15.150","0","106","Buy"
"1","1633","1797","2021-04-15 19:23:15.802","1024","48","Sell"
"1","1634","-1793","2021-04-15 19:23:16.098","1026","0","Sell"
"1","1635","-1794","2021-04-15 19:23:20.719","1025","0","Sell"
"1","1636","-1797","2021-04-15 19:23:25.048","1024","0","Sell"
"1","1637","-1787","2021-04-15 19:23:26.628","1020","0","Buy"
"1","1638","1803","2021-04-15 19:23:28.488","1022","41","Sell"
"1","1639","1804","2021-04-15 19:23:29.214","1023","140","Sell"
"1","1640","1805","2021-04-15 19:23:31.311","0","2167","Buy"
"1","1641","1806","2021-04-15 19:23:31.896","1018","183","Buy"
"1","1642","1808","2021-04-15 19:23:34.208","1020","23","Buy"
"1","1643","1809","2021-04-15 19:23:34.326","1021","23","Buy"
"1","1644","1812","2021-04-15 19:23:37.189","1022","84","Buy"
