"SecurityId","OrderId","ClientOrderId","DateTime","Price","Volume","Side"
"1","1","1","2021-04-11 20:56:00.803","51","618","Sell"
"1","2","2","2021-04-11 20:56:09.617","49","62","Buy"
"1","3","3","2021-04-11 20:56:11.136","0","30","Sell"
"1","4","-2","2021-04-11 20:56:13.796","49","0","Buy"
"1","5","5","2021-04-11 20:56:14.072","50","37","Sell"
"1","6","6","2021-04-11 20:56:20.568","49","175","Sell"
"1","7","-5","2021-04-11 20:56:20.869","50","0","Sell"
"1","8","8","2021-04-11 20:56:23.578","39","50","Buy"
"1","9","9","2021-04-11 20:56:29.267","40","22","Buy"
"1","10","-6","2021-04-11 20:56:30.470","49","0","Sell"
"1","11","11","2021-04-11 20:56:32.582","52","21","Sell"
"1","12","12","2021-04-11 20:56:33.127","41","42","Buy"
"1","13","13","2021-04-11 20:56:33.175","50","122","Sell"
"1","14","14","2021-04-11 20:56:33.462","0","21","Sell"
"1","15","15","2021-04-11 20:56:35.048","49","28","Sell"
"1","16","16","2021-04-11 20:56:35.355","50","25","Sell"
"1","17","17","2021-04-11 20:56:35.804","40","37","Buy"
"1","18","18","2021-04-11 20:56:36.087","42","22","Buy"
"1","19","19","2021-04-11 20:56:39.668","48","54","Sell"
"1","20","20","2021-04-11 20:56:40.435","43","22","Buy"
"1","21","21","2021-04-11 20:56:41.535","42","53","Buy"
"1","22","22","2021-04-11 20:56:43.134","44","2235","Buy"
"1","23","23","2021-04-11 20:56:43.294","43","42","Buy"
"1","24","-23","2021-04-11 20:56:47.951","43","0","Buy"
"1","25","-22","2021-04-11 20:56:55.935","44","0","Buy"
"1","26","-1","2021-04-11 20:57:04.419","51","0","Sell"
"1","27","27","2021-04-11 20:57:07.323","0","72","Sell"
"1","28","-12","2021-04-11 20:57:08.925","41","0","Buy"
"1","29","-11","2021-04-11 20:57:09.046","52","0","Sell"
"1","30","-15","2021-04-11 20:57:11.231","49","0","Sell"
"1","31","-19","2021-04-11 20:57:12.317","48","0","Sell"
"1","32","34","2021-04-11 20:57:17.471","0","26","Sell"
"1","33","35","2021-04-11 20:57:18.350","39","171","Buy"
"1","34","36","2021-04-11 20:57:18.484","39","36","Buy"
"1","35","38","2021-04-11 20:57:20.584","51","47","Sell"
"1","36","-17","2021-04-11 20:57:22.006","40","0","Buy"
"1","37","40","2021-04-11 20:57:22.167","51","40","Sell"
"1","38","41","2021-04-11 20:57:23.433","41","64","Buy"
"1","39","42","2021-04-11 20:57:25.490","49","24","Sell"
"1","40","43","2021-04-11 20:57:26.571","48","31","Sell"
"1","41","-43","2021-04-11 20:57:27.143","48","0","Sell"
"1","42","45","2021-04-11 20:57:28.741","40","28","Buy"
"1","43","-38","2021-04-11 20:57:30.840","51","0","Sell"
"1","44","-41","2021-04-11 20:57:31.263","41","0","Buy"
"1","45","48","2021-04-11 20:57:31.559","39","53","Buy"
"1","46","-9","2021-04-11 20:57:31.986","40","0","Buy"
"1","47","50","2021-04-11 20:57:34.994","50","27","Sell"
"1","48","51","2021-04-11 20:57:35.490","50","22","Sell"
"1","49","52","2021-04-11 20:57:38.108","39","90","Buy"
"1","50","53","2021-04-11 20:57:39.355","0","36","Buy"
"1","51","54","2021-04-11 20:57:39.520","49","22","Sell"
"1","52","55","2021-04-11 20:57:39.917","0","26","Buy"
"1","53","56","2021-04-11 20:57:39.997","41","27","Buy"
"1","54","-40","2021-04-11 20:57:40.721","51","0","Sell"
"1","55","-45","2021-04-11 20:57:41.786","40","0","Buy"
"1","56","-36","2021-04-11 20:57:41.893","39","0","Buy"
"1","57","61","2021-04-11 20:57:44.038","42","55","Buy"
"1","58","62","2021-04-11 20:57:44.151","43","23","Buy"
"1","59","63","2021-04-11 20:57:44.747","49","62","Sell"
"1","60","64","2021-04-11 20:57:44.876","44","156","Buy"
"1","61","-61","2021-04-11 20:57:44.984","42","0","Buy"
"1","62","66","2021-04-11 20:57:45.324","0","24","Sell"
"1","63","67","2021-04-11 20:57:45.432","0","30","Buy"
"1","64","-13","2021-04-11 20:57:46.179","50","0","Sell"
"1","65","69","2021-04-11 20:57:46.472","43","24","Buy"
"1","66","-51","2021-04-11 20:57:46.579","50","0","Sell"
"1","67","71","2021-04-11 20:57:47.119","43","29","Buy"
"1","68","72","2021-04-11 20:57:47.728","48","117","Sell"
"1","69","-8","2021-04-11 20:57:47.838","39","0","Buy"
"1","70","74","2021-04-11 20:57:48.832","0","22","Buy"
"1","71","-72","2021-04-11 20:57:48.939","48","0","Sell"
"1","72","76","2021-04-11 20:57:49.493","50","28","Sell"
"1","73","77","2021-04-11 20:57:49.654","0","61","Sell"
"1","74","-64","2021-04-11 20:57:50.061","44","0","Buy"
"1","75","79","2021-04-11 20:57:50.418","50","39","Sell"
"1","76","80","2021-04-11 20:57:50.616","44","21","Buy"
"1","77","-63","2021-04-11 20:57:50.807","49","0","Sell"
"1","78","82","2021-04-11 20:57:51.629","49","26","Sell"
"1","79","83","2021-04-11 20:57:51.946","48","31","Sell"
"1","80","84","2021-04-11 20:57:52.163","47","62","Sell"
"1","81","85","2021-04-11 20:57:52.419","46","68","Sell"
"1","82","86","2021-04-11 20:57:52.475","47","25","Sell"
"1","83","-85","2021-04-11 20:57:54.221","46","0","Sell"
"1","84","88","2021-04-11 20:57:54.224","48","33","Sell"
"1","85","89","2021-04-11 20:57:54.256","46","97","Sell"
"1","86","-16","2021-04-11 20:57:55.053","50","0","Sell"
"1","87","-89","2021-04-11 20:57:55.727","46","0","Sell"
"1","88","92","2021-04-11 20:57:55.903","46","83","Sell"
"1","89","-82","2021-04-11 20:57:56.057","49","0","Sell"
"1","90","-80","2021-04-11 20:57:56.340","44","0","Buy"
"1","91","-48","2021-04-11 20:57:56.659","39","0","Buy"
"1","92","96","2021-04-11 20:57:57.445","42","220","Buy"
"1","93","-62","2021-04-11 20:57:57.674","43","0","Buy"
"1","94","-92","2021-04-11 20:57:57.879","46","0","Sell"
"1","95","-83","2021-04-11 20:57:58.582","48","0","Sell"
"1","96","100","2021-04-11 20:57:58.751","48","174","Sell"
"1","97","-88","2021-04-11 20:57:59.958","48","0","Sell"
"1","98","102","2021-04-11 20:58:00.034","46","47","Sell"
"1","99","103","2021-04-11 20:58:00.119","47","13418","Sell"
"1","100","104","2021-04-11 20:58:01.817","0","22","Sell"
"1","101","105","2021-04-11 20:58:02.148","47","23","Sell"
"1","102","106","2021-04-11 20:58:04.897","44","23","Buy"
"1","103","-50","2021-04-11 20:58:05.126","50","0","Sell"
"1","104","-106","2021-04-11 20:58:06.327","44","0","Buy"
"1","105","109","2021-04-11 20:58:06.745","44","46","Buy"
"1","106","110","2021-04-11 20:58:06.819","43","32","Buy"
"1","107","-52","2021-04-11 20:58:10.433","39","0","Buy"
"1","108","112","2021-04-11 20:58:12.105","45","20","Buy"
"1","109","113","2021-04-11 20:58:12.662","45","42","Buy"
"1","110","114","2021-04-11 20:58:12.747","44","105","Buy"
"1","111","115","2021-04-11 20:58:14.489","44","29","Buy"
"1","112","-102","2021-04-11 20:58:33.376","46","0","Sell"
"1","113","-113","2021-04-11 20:58:33.518","45","0","Buy"
"1","114","118","2021-04-11 20:58:37.066","44","21","Buy"
"1","115","119","2021-04-11 20:58:55.852","48","46","Sell"
"1","116","-56","2021-04-11 20:59:02.564","41","0","Buy"
"1","117","-79","2021-04-11 20:59:02.670","50","0","Sell"
"1","118","122","2021-04-11 20:59:03.599","46","125","Buy"
"1","119","123","2021-04-11 20:59:08.970","47","35","Sell"
"1","120","124","2021-04-11 20:59:09.076","45","99","Buy"
"1","121","125","2021-04-11 20:59:10.291","46","42","Buy"
"1","122","126","2021-04-11 20:59:10.526","0","41","Sell"
"1","123","127","2021-04-11 20:59:11.257","46","22","Buy"
"1","124","128","2021-04-11 20:59:12.887","47","45","Sell"
"1","125","129","2021-04-11 20:59:20.508","48","112","Sell"
"1","126","130","2021-04-11 20:59:21.633","0","158","Sell"
"1","127","131","2021-04-11 20:59:22.806","0","53","Buy"
"1","128","132","2021-04-11 20:59:22.964","46","27","Buy"
"1","129","133","2021-04-11 20:59:26.349","48","44","Sell"
"1","130","134","2021-04-11 20:59:31.047","0","93","Buy"
"1","131","135","2021-04-11 20:59:38.915","46","66","Buy"
"1","132","-129","2021-04-11 20:59:41.150","48","0","Sell"
"1","133","-135","2021-04-11 20:59:41.379","46","0","Buy"
"1","134","-128","2021-04-11 20:59:44.366","47","0","Sell"
"1","135","139","2021-04-11 20:59:44.803","46","38","Buy"
"1","136","-103","2021-04-11 20:59:45.896","47","0","Sell"
"1","137","141","2021-04-11 20:59:49.664","48","281","Sell"
"1","138","142","2021-04-11 20:59:50.548","45","113","Buy"
"1","139","-123","2021-04-11 20:59:50.791","47","0","Sell"
"1","140","144","2021-04-11 20:59:51.817","47","27","Sell"
"1","141","145","2021-04-11 20:59:53.382","45","27","Buy"
"1","142","146","2021-04-11 20:59:55.007","0","43","Sell"
"1","143","-139","2021-04-11 20:59:55.327","46","0","Buy"
"1","144","148","2021-04-11 20:59:55.692","44","9006","Buy"
"1","145","149","2021-04-11 20:59:56.216","48","83","Sell"
"1","146","-76","2021-04-11 20:59:56.995","50","0","Sell"
"1","147","-145","2021-04-11 21:00:02.557","45","0","Buy"
"1","148","152","2021-04-11 21:00:03.267","46","27","Sell"
"1","149","153","2021-04-11 21:00:03.276","46","40","Sell"
"1","150","154","2021-04-11 21:00:03.536","46","27","Sell"
"1","151","155","2021-04-11 21:00:05.058","0","26","Buy"
"1","152","-142","2021-04-11 21:00:05.858","45","0","Buy"
"1","153","157","2021-04-11 21:00:08.650","44","35","Buy"
"1","154","158","2021-04-11 21:00:11.334","45","70","Buy"
"1","155","159","2021-04-11 21:00:12.604","47","32","Sell"
"1","156","160","2021-04-11 21:00:15.506","47","137","Sell"
"1","157","161","2021-04-11 21:00:15.886","46","100","Sell"
"1","158","162","2021-04-11 21:00:19.198","47","30","Sell"
"1","159","-159","2021-04-11 21:00:19.330","47","0","Sell"
"1","160","-157","2021-04-11 21:00:19.436","44","0","Buy"
"1","161","-71","2021-04-11 21:00:19.936","43","0","Buy"
"1","162","166","2021-04-11 21:00:21.308","45","272","Buy"
"1","163","167","2021-04-11 21:00:23.963","46","51","Sell"
"1","164","168","2021-04-11 21:00:24.786","47","216","Sell"
"1","165","-158","2021-04-11 21:00:25.000","45","0","Buy"
"1","166","170","2021-04-11 21:00:25.310","44","21","Buy"
"1","167","171","2021-04-11 21:00:26.476","45","29","Buy"
"1","168","-166","2021-04-11 21:00:26.583","45","0","Buy"
"1","169","173","2021-04-11 21:00:28.797","46","24","Sell"
"1","170","174","2021-04-11 21:00:30.253","44","27","Buy"
"1","171","-124","2021-04-11 21:00:30.360","45","0","Buy"
"1","172","176","2021-04-11 21:00:30.911","0","26","Buy"
"1","173","-171","2021-04-11 21:00:33.290","45","0","Buy"
"1","174","-112","2021-04-11 21:00:34.638","45","0","Buy"
"1","175","-153","2021-04-11 21:00:34.795","46","0","Sell"
"1","176","180","2021-04-11 21:00:37.073","45","24","Sell"
"1","177","-69","2021-04-11 21:00:40.450","43","0","Buy"
"1","178","-160","2021-04-11 21:00:40.944","47","0","Sell"
"1","179","-148","2021-04-11 21:00:41.648","44","0","Buy"
"1","180","184","2021-04-11 21:00:42.256","0","20","Buy"
"1","181","185","2021-04-11 21:00:42.910","44","96","Buy"
"1","182","-174","2021-04-11 21:00:45.027","44","0","Buy"
"1","183","-115","2021-04-11 21:00:46.623","44","0","Buy"
"1","184","188","2021-04-11 21:00:47.572","0","42","Buy"
"1","185","189","2021-04-11 21:00:47.695","45","79","Buy"
"1","186","190","2021-04-11 21:00:47.952","45","24","Buy"
"1","187","191","2021-04-11 21:00:49.028","45","33","Buy"
"1","188","-173","2021-04-11 21:00:49.407","46","0","Sell"
"1","189","193","2021-04-11 21:00:50.119","0","33","Buy"
"1","190","194","2021-04-11 21:00:50.715","46","27","Sell"
"1","191","-168","2021-04-11 21:00:52.910","47","0","Sell"
"1","192","196","2021-04-11 21:00:54.187","44","109","Buy"
"1","193","197","2021-04-11 21:00:54.480","46","37","Sell"
"1","194","-100","2021-04-11 21:00:54.768","48","0","Sell"
"1","195","-190","2021-04-11 21:00:54.930","45","0","Buy"
"1","196","200","2021-04-11 21:00:56.416","46","58","Sell"
"1","197","201","2021-04-11 21:00:58.946","47","26","Sell"
"1","198","-162","2021-04-11 21:01:00.103","47","0","Sell"
"1","199","-110","2021-04-11 21:01:03.296","43","0","Buy"
"1","200","-197","2021-04-11 21:01:03.420","46","0","Sell"
"1","201","205","2021-04-11 21:01:03.579","45","187","Buy"
"1","202","-109","2021-04-11 21:01:07.514","44","0","Buy"
"1","203","207","2021-04-11 21:01:08.614","47","99","Sell"
"1","204","208","2021-04-11 21:01:12.159","45","145","Buy"
"1","205","-196","2021-04-11 21:01:12.542","44","0","Buy"
"1","206","-205","2021-04-11 21:01:20.724","45","0","Buy"
"1","207","211","2021-04-11 21:01:24.131","0","40","Sell"
"1","208","-208","2021-04-11 21:01:29.006","45","0","Buy"
"1","209","213","2021-04-11 21:01:30.363","46","49","Sell"
"1","210","214","2021-04-11 21:01:30.376","0","33","Buy"
"1","211","215","2021-04-11 21:01:30.465","44","52","Buy"
"1","212","216","2021-04-11 21:01:31.126","47","51","Sell"
"1","213","-185","2021-04-11 21:01:32.356","44","0","Buy"
"1","214","-144","2021-04-11 21:01:32.878","47","0","Sell"
"1","215","219","2021-04-11 21:01:34.481","47","45","Sell"
"1","216","-167","2021-04-11 21:01:35.142","46","0","Sell"
"1","217","221","2021-04-11 21:01:57.548","44","42","Buy"
"1","218","222","2021-04-11 21:02:08.452","46","49","Sell"
"1","219","223","2021-04-11 21:02:10.521","45","29","Buy"
"1","220","224","2021-04-11 21:02:14.489","0","21","Sell"
"1","221","225","2021-04-11 21:02:14.625","0","101","Buy"
"1","222","-200","2021-04-11 21:02:15.135","46","0","Sell"
"1","223","-141","2021-04-11 21:02:16.801","48","0","Sell"
"1","224","228","2021-04-11 21:02:16.879","46","45","Sell"
"1","225","-228","2021-04-11 21:02:17.760","46","0","Sell"
"1","226","-221","2021-04-11 21:02:18.202","44","0","Buy"
"1","227","231","2021-04-11 21:02:19.180","46","88","Sell"
"1","228","232","2021-04-11 21:02:22.692","46","21","Sell"
"1","229","-191","2021-04-11 21:02:23.088","45","0","Buy"
"1","230","234","2021-04-11 21:02:24.772","44","21","Buy"
"1","231","-35","2021-04-11 21:02:25.111","39","0","Buy"
"1","232","-189","2021-04-11 21:02:26.679","45","0","Buy"
"1","233","-105","2021-04-11 21:02:33.493","47","0","Sell"
"1","234","-231","2021-04-11 21:02:34.384","46","0","Sell"
"1","235","239","2021-04-11 21:02:35.549","45","64","Buy"
"1","236","240","2021-04-11 21:02:36.356","46","21","Sell"
"1","237","241","2021-04-11 21:02:37.490","45","27","Buy"
"1","238","-234","2021-04-11 21:02:40.225","44","0","Buy"
"1","239","243","2021-04-11 21:02:40.470","45","28","Buy"
"1","240","244","2021-04-11 21:02:42.961","45","24","Buy"
"1","241","245","2021-04-11 21:02:43.692","46","54","Sell"
"1","242","-245","2021-04-11 21:02:44.743","46","0","Sell"
"1","243","247","2021-04-11 21:02:45.159","44","72","Buy"
"1","244","248","2021-04-11 21:02:47.309","44","174","Buy"
"1","245","249","2021-04-11 21:02:47.324","47","28","Sell"
"1","246","250","2021-04-11 21:02:47.407","0","49","Buy"
"1","247","251","2021-04-11 21:02:48.636","0","39","Buy"
"1","248","252","2021-04-11 21:02:58.777","46","22","Sell"
"1","249","-170","2021-04-11 21:02:59.950","44","0","Buy"
"1","250","254","2021-04-11 21:03:00.063","46","24","Sell"
"1","251","-252","2021-04-11 21:03:01.397","46","0","Sell"
"1","252","-232","2021-04-11 21:03:02.437","46","0","Sell"
"1","253","257","2021-04-11 21:03:04.239","46","33","Sell"
"1","254","258","2021-04-11 21:03:04.433","0","35","Sell"
"1","255","259","2021-04-11 21:03:09.312","45","59","Buy"
"1","256","260","2021-04-11 21:03:12.653","47","21","Sell"
"1","257","261","2021-04-11 21:03:44.022","44","23","Buy"
"1","258","262","2021-04-11 21:03:45.048","45","67","Buy"
"1","259","-239","2021-04-11 21:03:45.162","45","0","Buy"
"1","260","-215","2021-04-11 21:03:45.270","44","0","Buy"
"1","261","265","2021-04-11 21:03:46.053","44","30","Buy"
"1","262","-244","2021-04-11 21:03:46.215","45","0","Buy"
"1","263","267","2021-04-11 21:03:46.442","47","28","Sell"
"1","264","268","2021-04-11 21:03:48.423","44","114","Buy"
"1","265","269","2021-04-11 21:03:49.846","0","29","Sell"
"1","266","270","2021-04-11 21:03:51.646","46","697","Sell"
"1","267","-267","2021-04-11 21:03:51.872","47","0","Sell"
"1","268","-207","2021-04-11 21:03:52.439","47","0","Sell"
"1","269","-243","2021-04-11 21:03:52.901","45","0","Buy"
"1","270","274","2021-04-11 21:03:53.386","46","31","Sell"
"1","271","275","2021-04-11 21:03:54.167","45","35","Buy"
"1","272","-275","2021-04-11 21:03:54.302","45","0","Buy"
"1","273","277","2021-04-11 21:03:55.103","0","22","Sell"
"1","274","-222","2021-04-11 21:03:56.237","46","0","Sell"
"1","275","279","2021-04-11 21:03:56.241","44","261","Buy"
"1","276","-254","2021-04-11 21:03:56.457","46","0","Sell"
"1","277","-247","2021-04-11 21:03:56.563","44","0","Buy"
"1","278","282","2021-04-11 21:03:57.499","44","24","Buy"
"1","279","283","2021-04-11 21:03:58.119","45","39","Buy"
"1","280","-262","2021-04-11 21:03:59.982","45","0","Buy"
"1","281","285","2021-04-11 21:04:00.364","45","30","Buy"
"1","282","286","2021-04-11 21:04:00.591","45","29","Buy"
"1","283","-260","2021-04-11 21:04:00.996","47","0","Sell"
"1","284","288","2021-04-11 21:04:01.095","44","1077","Buy"
"1","285","289","2021-04-11 21:04:02.720","46","32","Sell"
"1","286","290","2021-04-11 21:04:03.091","44","180","Buy"
"1","287","291","2021-04-11 21:04:03.349","46","22","Sell"
"1","288","-259","2021-04-11 21:04:03.665","45","0","Buy"
"1","289","293","2021-04-11 21:04:03.794","0","29","Buy"
"1","290","294","2021-04-11 21:04:03.932","47","25","Sell"
"1","291","295","2021-04-11 21:04:04.234","45","33","Buy"
"1","292","296","2021-04-11 21:04:04.268","0","42","Buy"
"1","293","297","2021-04-11 21:04:04.358","44","39","Buy"
"1","294","298","2021-04-11 21:04:05.905","0","27","Sell"
"1","295","-274","2021-04-11 21:04:06.011","46","0","Sell"
"1","296","-133","2021-04-11 21:04:06.117","48","0","Sell"
"1","297","301","2021-04-11 21:04:06.537","0","35","Sell"
"1","298","302","2021-04-11 21:04:06.628","0","20","Sell"
"1","299","303","2021-04-11 21:04:07.899","44","31","Buy"
"1","300","304","2021-04-11 21:04:08.378","46","108","Sell"
"1","301","305","2021-04-11 21:04:08.793","45","68","Buy"
"1","302","-291","2021-04-11 21:04:08.899","46","0","Sell"
"1","303","307","2021-04-11 21:04:09.387","44","22","Buy"
"1","304","308","2021-04-11 21:04:09.389","46","22","Sell"
"1","305","309","2021-04-11 21:04:11.055","47","37","Sell"
"1","306","-265","2021-04-11 21:04:11.662","44","0","Buy"
"1","307","-216","2021-04-11 21:04:14.536","47","0","Sell"
"1","308","-308","2021-04-11 21:04:14.902","46","0","Sell"
"1","309","313","2021-04-11 21:04:14.930","47","39","Sell"
"1","310","314","2021-04-11 21:04:15.763","46","22","Sell"
"1","311","-289","2021-04-11 21:04:16.751","46","0","Sell"
"1","312","316","2021-04-11 21:04:19.130","44","53","Buy"
"1","313","-305","2021-04-11 21:04:19.596","45","0","Buy"
"1","314","318","2021-04-11 21:04:20.303","46","23","Sell"
"1","315","-118","2021-04-11 21:04:23.084","44","0","Buy"
"1","316","320","2021-04-11 21:04:23.560","44","20","Buy"
"1","317","321","2021-04-11 21:04:25.717","46","79","Sell"
"1","318","322","2021-04-11 21:04:28.332","46","104","Sell"
"1","319","323","2021-04-11 21:04:28.574","0","24","Buy"
"1","320","324","2021-04-11 21:04:30.297","0","95","Sell"
"1","321","325","2021-04-11 21:04:32.085","43","23","Buy"
"1","322","-325","2021-04-11 21:04:32.238","43","0","Buy"
"1","323","-279","2021-04-11 21:04:33.089","44","0","Buy"
"1","324","-201","2021-04-11 21:04:37.026","47","0","Sell"
"1","325","-149","2021-04-11 21:04:41.012","48","0","Sell"
"1","326","330","2021-04-11 21:04:42.653","43","26","Buy"
"1","327","-330","2021-04-11 21:04:43.717","43","0","Buy"
"1","328","332","2021-04-11 21:04:44.428","45","88","Sell"
"1","329","333","2021-04-11 21:04:47.844","43","37","Buy"
"1","330","334","2021-04-11 21:04:48.571","0","21","Sell"
"1","331","335","2021-04-11 21:04:49.917","46","181","Sell"
"1","332","336","2021-04-11 21:04:51.333","43","23","Buy"
"1","333","337","2021-04-11 21:04:52.474","45","32","Sell"
"1","334","338","2021-04-11 21:04:52.598","0","42","Buy"
"1","335","339","2021-04-11 21:04:55.212","45","65","Sell"
"1","336","-337","2021-04-11 21:04:55.925","45","0","Sell"
"1","337","341","2021-04-11 21:04:57.478","45","30","Sell"
"1","338","-219","2021-04-11 21:04:57.699","47","0","Sell"
"1","339","343","2021-04-11 21:04:57.741","43","50","Buy"
"1","340","344","2021-04-11 21:04:57.915","45","102","Sell"
"1","341","345","2021-04-11 21:04:58.102","0","29","Buy"
"1","342","346","2021-04-11 21:04:58.988","43","31","Buy"
"1","343","-341","2021-04-11 21:05:01.271","45","0","Sell"
"1","344","348","2021-04-11 21:05:01.906","44","25","Buy"
"1","345","349","2021-04-11 21:05:02.457","46","25","Sell"
"1","346","350","2021-04-11 21:05:02.648","44","23","Buy"
"1","347","-346","2021-04-11 21:05:02.754","43","0","Buy"
"1","348","352","2021-04-11 21:05:03.552","46","53","Sell"
"1","349","-316","2021-04-11 21:05:04.294","44","0","Buy"
"1","350","-318","2021-04-11 21:05:04.853","46","0","Sell"
"1","351","355","2021-04-11 21:05:09.000","43","33","Buy"
"1","352","-348","2021-04-11 21:05:09.265","44","0","Buy"
"1","353","357","2021-04-11 21:05:09.804","45","21","Sell"
"1","354","-114","2021-04-11 21:05:13.655","44","0","Buy"
"1","355","-336","2021-04-11 21:05:14.149","43","0","Buy"
"1","356","360","2021-04-11 21:05:14.259","46","247","Sell"
"1","357","361","2021-04-11 21:05:14.777","45","87","Sell"
"1","358","-96","2021-04-11 21:05:15.423","42","0","Buy"
"1","359","363","2021-04-11 21:05:16.449","45","21","Sell"
"1","360","-363","2021-04-11 21:05:16.864","45","0","Sell"
"1","361","365","2021-04-11 21:05:19.020","0","41","Buy"
"1","362","366","2021-04-11 21:05:22.849","45","81","Sell"
"1","363","367","2021-04-11 21:05:23.838","46","22","Sell"
"1","364","-268","2021-04-11 21:05:32.548","44","0","Buy"
"1","365","-361","2021-04-11 21:05:32.819","45","0","Sell"
"1","366","370","2021-04-11 21:05:33.261","43","51","Buy"
"1","367","371","2021-04-11 21:05:33.303","46","21","Sell"
"1","368","372","2021-04-11 21:05:34.820","43","49","Buy"
"1","369","373","2021-04-11 21:05:36.616","0","67","Sell"
"1","370","-339","2021-04-11 21:05:43.314","45","0","Sell"
"1","371","-352","2021-04-11 21:05:45.043","46","0","Sell"
"1","372","-314","2021-04-11 21:05:47.604","46","0","Sell"
"1","373","-344","2021-04-11 21:05:49.107","45","0","Sell"
"1","374","-313","2021-04-11 21:05:49.453","47","0","Sell"
"1","375","379","2021-04-11 21:05:49.736","0","49","Buy"
"1","376","-366","2021-04-11 21:05:49.842","45","0","Sell"
"1","377","381","2021-04-11 21:05:51.829","43","40","Buy"
"1","378","382","2021-04-11 21:05:53.857","45","31","Sell"
"1","379","-321","2021-04-11 21:05:56.186","46","0","Sell"
"1","380","384","2021-04-11 21:05:57.634","46","106","Sell"
"1","381","385","2021-04-11 21:05:58.452","45","25","Sell"
"1","382","386","2021-04-11 21:05:58.525","44","3369","Buy"
"1","383","387","2021-04-11 21:05:58.561","0","27","Sell"
"1","384","-307","2021-04-11 21:05:59.125","44","0","Buy"
"1","385","389","2021-04-11 21:05:59.272","43","79","Buy"
"1","386","-294","2021-04-11 21:05:59.596","47","0","Sell"
"1","387","391","2021-04-11 21:06:01.768","46","41","Sell"
"1","388","392","2021-04-11 21:06:02.389","44","25","Buy"
"1","389","-370","2021-04-11 21:06:02.553","43","0","Buy"
"1","390","-343","2021-04-11 21:06:03.461","43","0","Buy"
"1","391","-382","2021-04-11 21:06:03.904","45","0","Sell"
"1","392","396","2021-04-11 21:06:03.946","0","309","Buy"
"1","393","397","2021-04-11 21:06:04.285","43","181","Buy"
"1","394","398","2021-04-11 21:06:04.599","43","115","Buy"
"1","395","399","2021-04-11 21:06:05.052","45","22","Buy"
"1","396","400","2021-04-11 21:06:05.343","46","9334","Sell"
"1","397","401","2021-04-11 21:06:05.710","47","28","Sell"
"1","398","402","2021-04-11 21:06:06.874","46","44","Sell"
"1","399","403","2021-04-11 21:06:07.103","45","29","Buy"
"1","400","404","2021-04-11 21:06:07.477","47","38","Sell"
"1","401","405","2021-04-11 21:06:07.478","0","21","Buy"
"1","402","406","2021-04-11 21:06:08.561","47","53","Sell"
"1","403","-290","2021-04-11 21:06:09.029","44","0","Buy"
"1","404","408","2021-04-11 21:06:09.236","46","34","Sell"
"1","405","409","2021-04-11 21:06:09.296","47","25","Sell"
"1","406","410","2021-04-11 21:06:10.502","45","43","Buy"
"1","407","-399","2021-04-11 21:06:13.325","45","0","Buy"
"1","408","412","2021-04-11 21:06:13.886","45","20","Buy"
"1","409","-410","2021-04-11 21:06:14.586","45","0","Buy"
"1","410","-335","2021-04-11 21:06:17.386","46","0","Sell"
"1","411","415","2021-04-11 21:06:19.936","0","23","Sell"
"1","412","416","2021-04-11 21:06:20.444","44","62","Buy"
"1","413","-409","2021-04-11 21:06:21.275","47","0","Sell"
"1","414","-403","2021-04-11 21:06:21.933","45","0","Buy"
"1","415","-288","2021-04-11 21:06:27.450","44","0","Buy"
"1","416","420","2021-04-11 21:06:27.841","0","20","Buy"
"1","417","-412","2021-04-11 21:06:31.236","45","0","Buy"
"1","418","422","2021-04-11 21:06:32.033","45","47","Buy"
"1","419","423","2021-04-11 21:06:34.963","46","43","Sell"
"1","420","424","2021-04-11 21:06:36.167","0","101","Sell"
"1","421","-371","2021-04-11 21:06:37.341","46","0","Sell"
"1","422","426","2021-04-11 21:06:40.883","45","29","Sell"
"1","423","427","2021-04-11 21:06:41.353","44","24","Buy"
"1","424","428","2021-04-11 21:06:41.772","46","31","Sell"
"1","425","429","2021-04-11 21:06:43.680","44","45","Buy"
"1","426","430","2021-04-11 21:06:43.973","0","44","Buy"
"1","427","431","2021-04-11 21:06:45.164","45","33","Sell"
"1","428","432","2021-04-11 21:06:45.502","46","30","Sell"
"1","429","433","2021-04-11 21:06:46.088","44","315","Buy"
"1","430","434","2021-04-11 21:06:47.235","46","29","Sell"
"1","431","-392","2021-04-11 21:06:47.371","44","0","Buy"
"1","432","-397","2021-04-11 21:06:47.607","43","0","Buy"
"1","433","437","2021-04-11 21:06:48.326","46","29","Sell"
"1","434","438","2021-04-11 21:06:49.861","46","27","Sell"
"1","435","439","2021-04-11 21:06:49.911","44","98","Buy"
"1","436","-431","2021-04-11 21:06:50.594","45","0","Sell"
"1","437","441","2021-04-11 21:06:51.012","0","30","Buy"
"1","438","442","2021-04-11 21:06:51.482","43","92","Buy"
"1","439","443","2021-04-11 21:06:52.140","45","35","Buy"
"1","440","444","2021-04-11 21:06:53.225","46","42","Sell"
"1","441","-408","2021-04-11 21:06:53.597","46","0","Sell"
"1","442","-443","2021-04-11 21:06:53.843","45","0","Buy"
"1","443","-439","2021-04-11 21:06:55.227","44","0","Buy"
"1","444","-381","2021-04-11 21:06:56.836","43","0","Buy"
"1","445","449","2021-04-11 21:06:57.191","45","35","Buy"
"1","446","-349","2021-04-11 21:06:57.322","46","0","Sell"
"1","447","451","2021-04-11 21:07:07.289","0","31","Sell"
"1","448","452","2021-04-11 21:07:17.786","46","30","Sell"
"1","449","453","2021-04-11 21:07:24.877","0","21","Buy"
"1","450","454","2021-04-11 21:07:25.192","45","151","Buy"
"1","451","455","2021-04-11 21:07:29.557","46","50","Sell"
"1","452","456","2021-04-11 21:07:34.490","0","72","Buy"
"1","453","-367","2021-04-11 21:07:34.599","46","0","Sell"
"1","454","458","2021-04-11 21:07:41.142","44","86","Buy"
"1","455","459","2021-04-11 21:07:43.030","0","56","Buy"
"1","456","-401","2021-04-11 21:07:45.379","47","0","Sell"
"1","457","461","2021-04-11 21:07:45.804","45","4587","Buy"
"1","458","-350","2021-04-11 21:07:46.189","44","0","Buy"
"1","459","-449","2021-04-11 21:07:49.056","45","0","Buy"
"1","460","-442","2021-04-11 21:07:49.165","43","0","Buy"
"1","461","-434","2021-04-11 21:07:50.073","46","0","Sell"
"1","462","-309","2021-04-11 21:07:52.771","47","0","Sell"
"1","463","467","2021-04-11 21:07:53.145","44","267","Buy"
"1","464","-297","2021-04-11 21:07:53.414","44","0","Buy"
"1","465","469","2021-04-11 21:07:54.962","0","90","Sell"
"1","466","470","2021-04-11 21:07:55.136","44","113","Buy"
"1","467","-454","2021-04-11 21:07:55.307","45","0","Buy"
"1","468","472","2021-04-11 21:07:55.699","44","172","Buy"
"1","469","473","2021-04-11 21:07:56.136","45","20","Buy"
"1","470","-119","2021-04-11 21:07:56.247","48","0","Sell"
"1","471","-249","2021-04-11 21:07:56.629","47","0","Sell"
"1","472","476","2021-04-11 21:07:57.451","0","42","Buy"
"1","473","-458","2021-04-11 21:07:57.670","44","0","Buy"
"1","474","-473","2021-04-11 21:07:59.522","45","0","Buy"
"1","475","479","2021-04-11 21:07:59.644","46","345","Sell"
"1","476","-404","2021-04-11 21:07:59.768","47","0","Sell"
"1","477","-416","2021-04-11 21:08:00.539","44","0","Buy"
"1","478","-322","2021-04-11 21:08:03.462","46","0","Sell"
"1","479","483","2021-04-11 21:08:03.516","0","21","Buy"
"1","480","484","2021-04-11 21:08:04.084","44","29","Buy"
"1","481","485","2021-04-11 21:08:06.223","44","24","Buy"
"1","482","-461","2021-04-11 21:08:06.763","45","0","Buy"
"1","483","487","2021-04-11 21:08:07.382","43","28","Buy"
"1","484","488","2021-04-11 21:08:08.350","0","36","Buy"
"1","485","489","2021-04-11 21:08:08.504","0","52","Sell"
"1","486","-400","2021-04-11 21:08:09.166","46","0","Sell"
"1","487","491","2021-04-11 21:08:10.387","45","117","Sell"
"1","488","492","2021-04-11 21:08:10.785","46","24","Sell"
"1","489","-320","2021-04-11 21:08:10.896","44","0","Buy"
"1","490","494","2021-04-11 21:08:11.541","0","20","Buy"
"1","491","-333","2021-04-11 21:08:11.819","43","0","Buy"
"1","492","496","2021-04-11 21:08:12.466","0","23","Sell"
"1","493","497","2021-04-11 21:08:16.167","0","21","Buy"
"1","494","498","2021-04-11 21:08:16.813","45","32","Sell"
"1","495","-398","2021-04-11 21:08:17.012","43","0","Buy"
"1","496","500","2021-04-11 21:08:17.916","44","50","Buy"
"1","497","-355","2021-04-11 21:08:18.028","43","0","Buy"
"1","498","502","2021-04-11 21:08:18.029","44","34","Buy"
"1","499","503","2021-04-11 21:08:19.368","46","23","Sell"
"1","500","-498","2021-04-11 21:08:19.756","45","0","Sell"
"1","501","505","2021-04-11 21:08:20.601","46","33","Sell"
"1","502","506","2021-04-11 21:08:21.243","45","47","Sell"
"1","503","507","2021-04-11 21:08:21.614","44","51","Buy"
"1","504","508","2021-04-11 21:08:21.908","45","30","Sell"
"1","505","509","2021-04-11 21:08:22.825","43","456","Buy"
"1","506","510","2021-04-11 21:08:23.108","0","58","Buy"
"1","507","-429","2021-04-11 21:08:23.340","44","0","Buy"
"1","508","-508","2021-04-11 21:08:23.964","45","0","Sell"
"1","509","-491","2021-04-11 21:08:24.100","45","0","Sell"
"1","510","514","2021-04-11 21:08:24.617","43","23","Buy"
"1","511","-402","2021-04-11 21:08:25.114","46","0","Sell"
"1","512","516","2021-04-11 21:08:26.008","43","76","Buy"
"1","513","-372","2021-04-11 21:08:26.909","43","0","Buy"
"1","514","518","2021-04-11 21:08:26.914","46","21","Sell"
"1","515","-433","2021-04-11 21:08:27.685","44","0","Buy"
"1","516","520","2021-04-11 21:08:27.887","46","44","Sell"
"1","517","-506","2021-04-11 21:08:28.924","45","0","Sell"
"1","518","522","2021-04-11 21:08:28.947","47","24","Sell"
"1","519","523","2021-04-11 21:08:29.507","45","36","Sell"
"1","520","524","2021-04-11 21:08:30.367","44","31","Buy"
"1","521","-427","2021-04-11 21:08:30.479","44","0","Buy"
"1","522","526","2021-04-11 21:08:31.374","46","41","Sell"
"1","523","527","2021-04-11 21:08:32.663","43","22","Buy"
"1","524","-500","2021-04-11 21:08:33.117","44","0","Buy"
"1","525","529","2021-04-11 21:08:37.080","43","35","Buy"
"1","526","530","2021-04-11 21:08:37.338","43","27","Buy"
"1","527","531","2021-04-11 21:08:44.269","0","21","Sell"
"1","528","-389","2021-04-11 21:08:48.215","43","0","Buy"
"1","529","-523","2021-04-11 21:08:50.414","45","0","Sell"
"1","530","534","2021-04-11 21:08:52.831","45","41","Sell"
"1","531","-529","2021-04-11 21:08:52.942","43","0","Buy"
"1","532","536","2021-04-11 21:08:53.126","43","74","Buy"
"1","533","537","2021-04-11 21:08:53.585","43","385","Buy"
"1","534","538","2021-04-11 21:08:53.841","46","41","Sell"
"1","535","539","2021-04-11 21:08:55.414","0","47","Sell"
"1","536","540","2021-04-11 21:08:56.985","44","41","Buy"
"1","537","541","2021-04-11 21:08:57.004","45","114","Sell"
"1","538","542","2021-04-11 21:08:57.123","44","120","Buy"
"1","539","-540","2021-04-11 21:08:57.648","44","0","Buy"
"1","540","544","2021-04-11 21:08:58.076","46","30","Sell"
"1","541","545","2021-04-11 21:08:58.469","0","23","Buy"
"1","542","546","2021-04-11 21:08:58.967","46","29","Sell"
"1","543","547","2021-04-11 21:08:59.403","46","690","Sell"
"1","544","548","2021-04-11 21:08:59.427","0","22","Sell"
"1","545","-541","2021-04-11 21:09:00.030","45","0","Sell"
"1","546","550","2021-04-11 21:09:00.067","44","231","Buy"
"1","547","551","2021-04-11 21:09:01.206","44","31","Buy"
"1","548","-530","2021-04-11 21:09:03.243","43","0","Buy"
"1","549","-520","2021-04-11 21:09:03.351","46","0","Sell"
"1","550","554","2021-04-11 21:09:03.585","45","23","Sell"
"1","551","-406","2021-04-11 21:09:03.690","47","0","Sell"
"1","552","-484","2021-04-11 21:09:04.044","44","0","Buy"
"1","553","557","2021-04-11 21:09:05.485","45","25","Sell"
"1","554","558","2021-04-11 21:09:06.601","0","30","Buy"
"1","555","559","2021-04-11 21:09:06.980","44","36","Buy"
"1","556","-554","2021-04-11 21:09:07.101","45","0","Sell"
"1","557","-557","2021-04-11 21:09:08.294","45","0","Sell"
"1","558","562","2021-04-11 21:09:08.515","0","29","Sell"
"1","559","563","2021-04-11 21:09:09.037","47","33","Sell"
"1","560","564","2021-04-11 21:09:09.329","0","22","Buy"
"1","561","565","2021-04-11 21:09:09.987","45","2722","Buy"
"1","562","566","2021-04-11 21:09:10.156","44","34","Buy"
"1","563","-423","2021-04-11 21:09:10.565","46","0","Sell"
"1","564","-559","2021-04-11 21:09:13.990","44","0","Buy"
"1","565","569","2021-04-11 21:09:14.759","0","43","Sell"
"1","566","570","2021-04-11 21:09:17.414","0","65","Sell"
"1","567","-467","2021-04-11 21:09:17.832","44","0","Buy"
"1","568","572","2021-04-11 21:09:18.158","45","23","Buy"
"1","569","573","2021-04-11 21:09:18.344","47","45","Sell"
"1","570","-563","2021-04-11 21:09:18.677","47","0","Sell"
"1","571","575","2021-04-11 21:09:18.691","47","37","Sell"
"1","572","-565","2021-04-11 21:09:19.027","45","0","Buy"
"1","573","577","2021-04-11 21:09:23.685","47","35","Sell"
"1","574","578","2021-04-11 21:09:24.583","46","54","Sell"
"1","575","-577","2021-04-11 21:09:26.601","47","0","Sell"
"1","576","-575","2021-04-11 21:09:27.515","47","0","Sell"
"1","577","581","2021-04-11 21:09:27.765","45","258","Buy"
"1","578","-522","2021-04-11 21:09:29.417","47","0","Sell"
"1","579","583","2021-04-11 21:09:30.203","44","120","Buy"
"1","580","584","2021-04-11 21:09:30.735","46","32","Sell"
"1","581","585","2021-04-11 21:09:30.892","47","41","Sell"
"1","582","586","2021-04-11 21:09:31.552","44","34","Buy"
"1","583","587","2021-04-11 21:09:31.795","46","56","Sell"
"1","584","-573","2021-04-11 21:09:35.203","47","0","Sell"
"1","585","-492","2021-04-11 21:09:37.261","46","0","Sell"
"1","586","590","2021-04-11 21:09:38.528","47","32","Sell"
"1","587","-572","2021-04-11 21:09:38.728","45","0","Buy"
"1","588","-590","2021-04-11 21:09:38.967","47","0","Sell"
"1","589","593","2021-04-11 21:09:39.251","45","43","Buy"
"1","590","594","2021-04-11 21:09:42.471","46","20","Sell"
"1","591","595","2021-04-11 21:09:46.315","45","28","Buy"
"1","592","596","2021-04-11 21:09:49.244","46","55","Sell"
"1","593","597","2021-04-11 21:09:50.960","45","50","Buy"
"1","594","-470","2021-04-11 21:09:51.178","44","0","Buy"
"1","595","599","2021-04-11 21:09:52.062","45","47","Buy"
"1","596","600","2021-04-11 21:09:53.201","44","346","Buy"
"1","597","-593","2021-04-11 21:09:53.629","45","0","Buy"
"1","598","602","2021-04-11 21:09:53.840","46","30","Sell"
"1","599","603","2021-04-11 21:09:54.385","44","50","Buy"
"1","600","-544","2021-04-11 21:09:55.438","46","0","Sell"
"1","601","-581","2021-04-11 21:09:55.928","45","0","Buy"
"1","602","-585","2021-04-11 21:09:58.163","47","0","Sell"
"1","603","607","2021-04-11 21:09:58.363","45","193","Buy"
"1","604","608","2021-04-11 21:09:59.819","45","24","Buy"
"1","605","-538","2021-04-11 21:10:02.407","46","0","Sell"
"1","606","-607","2021-04-11 21:10:02.562","45","0","Buy"
"1","607","-384","2021-04-11 21:10:03.818","46","0","Sell"
"1","608","613","2021-04-11 21:10:04.483","47","22","Sell"
"1","609","614","2021-04-11 21:10:06.716","0","25","Sell"
"1","610","615","2021-04-11 21:10:07.147","47","365","Sell"
"1","611","616","2021-04-11 21:10:07.870","46","24","Sell"
"1","612","617","2021-04-11 21:10:08.137","46","39","Sell"
"1","613","618","2021-04-11 21:10:08.862","45","35","Buy"
"1","614","619","2021-04-11 21:10:09.332","44","34","Buy"
"1","615","620","2021-04-11 21:10:09.853","45","44","Buy"
"1","616","621","2021-04-11 21:10:10.194","45","32","Buy"
"1","617","622","2021-04-11 21:10:10.266","46","21","Sell"
"1","618","623","2021-04-11 21:10:10.568","0","55","Buy"
"1","619","-438","2021-04-11 21:10:10.725","46","0","Sell"
"1","620","-485","2021-04-11 21:10:10.832","44","0","Buy"
"1","621","-537","2021-04-11 21:10:10.937","43","0","Buy"
"1","622","627","2021-04-11 21:10:10.939","47","23","Sell"
"1","623","628","2021-04-11 21:10:11.143","45","546","Buy"
"1","624","629","2021-04-11 21:10:11.687","44","65","Buy"
"1","625","630","2021-04-11 21:10:12.831","44","21","Buy"
"1","626","631","2021-04-11 21:10:13.097","46","21","Sell"
"1","627","632","2021-04-11 21:10:13.194","45","120","Buy"
"1","628","633","2021-04-11 21:10:13.324","47","20","Sell"
"1","629","-627","2021-04-11 21:10:13.443","47","0","Sell"
"1","630","635","2021-04-11 21:10:13.586","46","24","Sell"
"1","631","636","2021-04-11 21:10:13.719","44","26","Buy"
"1","632","-613","2021-04-11 21:10:13.824","47","0","Sell"
"1","633","-628","2021-04-11 21:10:14.095","45","0","Buy"
"1","634","-635","2021-04-11 21:10:14.943","46","0","Sell"
"1","635","640","2021-04-11 21:10:15.780","46","92","Sell"
"1","636","641","2021-04-11 21:10:16.547","46","133","Sell"
"1","637","-595","2021-04-11 21:10:17.112","45","0","Buy"
"1","638","643","2021-04-11 21:10:17.525","47","63","Sell"
"1","639","644","2021-04-11 21:10:17.726","44","23","Buy"
"1","640","-505","2021-04-11 21:10:17.987","46","0","Sell"
"1","641","646","2021-04-11 21:10:18.599","44","672","Buy"
"1","642","647","2021-04-11 21:10:19.207","44","41","Buy"
"1","643","-547","2021-04-11 21:10:20.117","46","0","Sell"
"1","644","-566","2021-04-11 21:10:20.783","44","0","Buy"
"1","645","650","2021-04-11 21:10:21.016","0","155","Sell"
"1","646","651","2021-04-11 21:10:21.070","45","28","Buy"
"1","647","652","2021-04-11 21:10:22.028","45","24","Buy"
"1","648","653","2021-04-11 21:10:22.318","46","24","Sell"
"1","649","-360","2021-04-11 21:10:23.129","46","0","Sell"
"1","650","-633","2021-04-11 21:10:24.580","47","0","Sell"
"1","651","656","2021-04-11 21:10:24.671","45","762","Buy"
"1","652","657","2021-04-11 21:10:25.292","46","35","Sell"
"1","653","-636","2021-04-11 21:10:25.966","44","0","Buy"
"1","654","-652","2021-04-11 21:10:26.187","45","0","Buy"
"1","655","660","2021-04-11 21:10:26.231","47","36","Sell"
"1","656","661","2021-04-11 21:10:28.211","47","25","Sell"
"1","657","-632","2021-04-11 21:10:28.506","45","0","Buy"
"1","658","663","2021-04-11 21:10:28.601","0","23","Buy"
"1","659","-509","2021-04-11 21:10:30.891","43","0","Buy"
"1","660","-622","2021-04-11 21:10:32.020","46","0","Sell"
"1","661","-631","2021-04-11 21:10:32.126","46","0","Sell"
"1","662","667","2021-04-11 21:10:32.322","0","173","Buy"
"1","663","668","2021-04-11 21:10:32.918","44","1438","Buy"
"1","664","669","2021-04-11 21:10:33.128","45","22","Buy"
"1","665","670","2021-04-11 21:10:33.638","47","35","Sell"
"1","666","671","2021-04-11 21:10:34.525","44","28","Buy"
"1","667","-644","2021-04-11 21:10:34.787","44","0","Buy"
"1","668","673","2021-04-11 21:10:35.825","45","47","Buy"
"1","669","-503","2021-04-11 21:10:37.634","46","0","Sell"
"1","670","675","2021-04-11 21:10:38.376","45","32","Buy"
"1","671","676","2021-04-11 21:10:38.884","45","74","Buy"
"1","672","677","2021-04-11 21:10:40.366","44","32","Buy"
"1","673","678","2021-04-11 21:10:43.467","45","22","Buy"
"1","674","679","2021-04-11 21:10:46.195","47","52","Sell"
"1","675","680","2021-04-11 21:10:47.767","46","29","Sell"
"1","676","681","2021-04-11 21:10:53.208","45","66","Buy"
"1","677","-660","2021-04-11 21:10:53.327","47","0","Sell"
"1","678","683","2021-04-11 21:10:55.122","46","502","Sell"
"1","679","-615","2021-04-11 21:10:55.964","47","0","Sell"
"1","680","685","2021-04-11 21:10:56.203","45","42","Buy"
"1","681","686","2021-04-11 21:10:57.231","44","43","Buy"
"1","682","-479","2021-04-11 21:11:02.894","46","0","Sell"
"1","683","688","2021-04-11 21:11:04.860","47","35","Sell"
"1","684","689","2021-04-11 21:11:07.609","0","21","Sell"
"1","685","690","2021-04-11 21:11:08.455","47","27","Sell"
"1","686","-444","2021-04-11 21:11:08.737","46","0","Sell"
"1","687","692","2021-04-11 21:11:09.655","47","306","Sell"
"1","688","693","2021-04-11 21:11:15.240","0","24","Sell"
"1","689","694","2021-04-11 21:11:16.428","0","62","Sell"
"1","690","695","2021-04-11 21:11:16.772","45","23","Buy"
"1","691","696","2021-04-11 21:11:17.574","44","26","Buy"
"1","692","697","2021-04-11 21:11:19.701","47","33","Sell"
"1","693","-657","2021-04-11 21:11:23.643","46","0","Sell"
"1","694","699","2021-04-11 21:11:23.762","0","156","Buy"
"1","695","700","2021-04-11 21:11:26.023","45","28","Buy"
"1","696","701","2021-04-11 21:11:26.324","47","20","Sell"
"1","697","702","2021-04-11 21:11:27.048","46","110","Sell"
"1","698","703","2021-04-11 21:11:28.488","0","32","Sell"
"1","699","704","2021-04-11 21:11:29.916","0","36","Sell"
"1","700","705","2021-04-11 21:11:30.029","45","88","Buy"
"1","701","-536","2021-04-11 21:11:31.640","43","0","Buy"
"1","702","707","2021-04-11 21:11:32.188","0","71","Buy"
"1","703","708","2021-04-11 21:11:33.573","46","33","Sell"
"1","704","709","2021-04-11 21:11:33.653","47","25","Sell"
"1","705","710","2021-04-11 21:11:34.535","45","32","Buy"
"1","706","-640","2021-04-11 21:11:35.745","46","0","Sell"
"1","707","712","2021-04-11 21:11:38.570","0","67","Buy"
"1","708","-656","2021-04-11 21:11:43.497","45","0","Buy"
"1","709","714","2021-04-11 21:11:44.630","44","25","Buy"
"1","710","715","2021-04-11 21:11:52.149","45","37","Buy"
"1","711","716","2021-04-11 21:12:08.038","46","151","Sell"
"1","712","717","2021-04-11 21:12:08.068","47","37","Sell"
"1","713","718","2021-04-11 21:12:08.938","45","100","Buy"
"1","714","719","2021-04-11 21:12:13.435","44","71","Buy"
"1","715","720","2021-04-11 21:12:13.473","45","136","Buy"
"1","716","-550","2021-04-11 21:12:15.360","44","0","Buy"
"1","717","722","2021-04-11 21:12:15.911","46","59","Sell"
"1","718","723","2021-04-11 21:12:18.142","0","52","Sell"
"1","719","724","2021-04-11 21:12:18.181","44","23","Buy"
"1","720","725","2021-04-11 21:12:18.519","45","30","Buy"
"1","721","726","2021-04-11 21:12:19.325","47","66","Sell"
"1","722","-502","2021-04-11 21:12:19.999","44","0","Buy"
"1","723","-617","2021-04-11 21:12:20.175","46","0","Sell"
"1","724","-679","2021-04-11 21:12:20.329","47","0","Sell"
"1","725","-677","2021-04-11 21:12:20.932","44","0","Buy"
"1","726","731","2021-04-11 21:12:20.956","45","44","Buy"
"1","727","732","2021-04-11 21:12:21.888","46","28","Sell"
"1","728","733","2021-04-11 21:12:22.282","45","20","Buy"
"1","729","-697","2021-04-11 21:12:22.816","47","0","Sell"
"1","730","735","2021-04-11 21:12:24.878","0","34","Buy"
"1","731","-700","2021-04-11 21:12:29.463","45","0","Buy"
"1","732","737","2021-04-11 21:12:37.758","47","134","Sell"
"1","733","738","2021-04-11 21:12:38.879","44","155","Buy"
"1","734","-731","2021-04-11 21:12:45.903","45","0","Buy"
"1","735","740","2021-04-11 21:12:46.460","44","28","Buy"
"1","736","-596","2021-04-11 21:12:46.867","46","0","Sell"
"1","737","-542","2021-04-11 21:12:48.486","44","0","Buy"
"1","738","-668","2021-04-11 21:12:51.026","44","0","Buy"
"1","739","744","2021-04-11 21:12:54.700","0","31","Sell"
"1","740","745","2021-04-11 21:12:57.979","0","54","Sell"
"1","741","-602","2021-04-11 21:12:58.086","46","0","Sell"
"1","742","747","2021-04-11 21:13:00.802","45","80","Buy"
"1","743","748","2021-04-11 21:13:02.449","0","68","Buy"
"1","744","749","2021-04-11 21:13:05.745","46","29","Sell"
"1","745","750","2021-04-11 21:13:14.810","46","28","Sell"
"1","746","751","2021-04-11 21:13:14.868","0","38","Sell"
"1","747","752","2021-04-11 21:13:26.424","47","57","Sell"
"1","748","753","2021-04-11 21:13:27.949","44","24","Buy"
"1","749","754","2021-04-11 21:13:28.323","44","34","Buy"
"1","750","755","2021-04-11 21:13:30.875","46","28","Sell"
"1","751","756","2021-04-11 21:13:30.913","47","99","Sell"
"1","752","-718","2021-04-11 21:13:34.172","45","0","Buy"
"1","753","758","2021-04-11 21:13:36.766","0","29","Sell"
"1","754","759","2021-04-11 21:13:37.047","45","30","Buy"
"1","755","-600","2021-04-11 21:13:37.558","44","0","Buy"
"1","756","-719","2021-04-11 21:13:38.190","44","0","Buy"
"1","757","762","2021-04-11 21:13:39.616","44","42","Buy"
"1","758","-680","2021-04-11 21:13:40.525","46","0","Sell"
"1","759","764","2021-04-11 21:13:40.607","45","127","Buy"
"1","760","-738","2021-04-11 21:13:43.057","44","0","Buy"
"1","761","766","2021-04-11 21:13:43.602","46","20","Sell"
"1","762","767","2021-04-11 21:13:44.207","44","145","Buy"
"1","763","-647","2021-04-11 21:13:47.341","44","0","Buy"
"1","764","769","2021-04-11 21:13:47.708","45","24","Buy"
"1","765","-619","2021-04-11 21:13:47.897","44","0","Buy"
"1","766","771","2021-04-11 21:13:49.996","45","35","Buy"
"1","767","-716","2021-04-11 21:13:50.111","46","0","Sell"
"1","768","773","2021-04-11 21:13:54.382","0","27","Sell"
"1","769","774","2021-04-11 21:13:59.444","47","41","Sell"
"1","770","775","2021-04-11 21:14:06.008","46","33","Sell"
"1","771","-725","2021-04-11 21:14:09.019","45","0","Buy"
"1","772","-688","2021-04-11 21:14:15.908","47","0","Sell"
"1","773","778","2021-04-11 21:14:16.564","45","37","Buy"
"1","774","-774","2021-04-11 21:14:17.929","47","0","Sell"
"1","775","-653","2021-04-11 21:14:19.166","46","0","Sell"
"1","776","781","2021-04-11 21:14:22.634","47","20","Sell"
"1","777","-733","2021-04-11 21:14:25.196","45","0","Buy"
"1","778","-709","2021-04-11 21:14:25.302","47","0","Sell"
"1","779","-720","2021-04-11 21:14:26.387","45","0","Buy"
"1","780","785","2021-04-11 21:14:27.420","0","26","Buy"
"1","781","-771","2021-04-11 21:14:27.838","45","0","Buy"
"1","782","787","2021-04-11 21:14:28.148","47","632","Sell"
"1","783","-708","2021-04-11 21:14:31.946","46","0","Sell"
"1","784","789","2021-04-11 21:14:34.201","0","30","Sell"
"1","785","790","2021-04-11 21:14:36.692","45","119","Buy"
"1","786","791","2021-04-11 21:14:37.735","46","24","Sell"
"1","787","792","2021-04-11 21:14:40.185","0","20","Buy"
"1","788","793","2021-04-11 21:14:43.447","47","34","Sell"
"1","789","794","2021-04-11 21:14:46.157","46","20","Sell"
"1","790","795","2021-04-11 21:14:53.045","47","82","Sell"
"1","791","-767","2021-04-11 21:14:54.656","44","0","Buy"
"1","792","-794","2021-04-11 21:14:57.266","46","0","Sell"
"1","793","-630","2021-04-11 21:15:00.123","44","0","Buy"
"1","794","-386","2021-04-11 21:15:01.242","44","0","Buy"
"1","795","800","2021-04-11 21:15:01.480","44","99","Buy"
"1","796","801","2021-04-11 21:15:02.336","46","77","Sell"
"1","797","802","2021-04-11 21:15:03.174","47","29","Sell"
"1","798","803","2021-04-11 21:15:04.551","45","34","Buy"
"1","799","-683","2021-04-11 21:15:08.619","46","0","Sell"
"1","800","-472","2021-04-11 21:15:09.850","44","0","Buy"
"1","801","806","2021-04-11 21:15:11.737","47","22","Sell"
"1","802","807","2021-04-11 21:15:13.259","45","141","Buy"
"1","803","-755","2021-04-11 21:15:14.053","46","0","Sell"
"1","804","809","2021-04-11 21:15:14.058","0","25","Sell"
"1","805","-756","2021-04-11 21:15:16.806","47","0","Sell"
"1","806","811","2021-04-11 21:15:16.850","47","26","Sell"
"1","807","812","2021-04-11 21:15:16.958","45","31","Buy"
"1","808","813","2021-04-11 21:15:17.122","47","138","Sell"
"1","809","-807","2021-04-11 21:15:19.666","45","0","Buy"
"1","810","-750","2021-04-11 21:15:20.112","46","0","Sell"
"1","811","-692","2021-04-11 21:15:21.670","47","0","Sell"
"1","812","817","2021-04-11 21:15:23.494","46","21","Sell"
"1","813","818","2021-04-11 21:15:24.667","47","34","Sell"
"1","814","819","2021-04-11 21:15:26.846","47","46","Sell"
"1","815","820","2021-04-11 21:15:26.987","47","27","Sell"
"1","816","821","2021-04-11 21:15:27.510","45","46","Buy"
"1","817","822","2021-04-11 21:15:32.393","44","37","Buy"
"1","818","-670","2021-04-11 21:15:35.093","47","0","Sell"
"1","819","824","2021-04-11 21:15:36.853","45","20","Buy"
"1","820","-695","2021-04-11 21:15:39.679","45","0","Buy"
"1","821","826","2021-04-11 21:15:40.241","44","41","Buy"
"1","822","827","2021-04-11 21:15:40.556","0","26","Sell"
"1","823","828","2021-04-11 21:15:40.632","44","22","Buy"
"1","824","-802","2021-04-11 21:15:41.594","47","0","Sell"
"1","825","-690","2021-04-11 21:15:45.263","47","0","Sell"
"1","826","-769","2021-04-11 21:15:46.018","45","0","Buy"
"1","827","-714","2021-04-11 21:15:47.072","44","0","Buy"
"1","828","833","2021-04-11 21:15:50.513","47","23","Sell"
"1","829","-791","2021-04-11 21:15:50.891","46","0","Sell"
"1","830","835","2021-04-11 21:15:51.029","0","20","Sell"
"1","831","836","2021-04-11 21:15:51.485","0","35","Buy"
"1","832","837","2021-04-11 21:15:52.253","46","26","Sell"
"1","833","838","2021-04-11 21:15:52.454","0","42","Buy"
"1","834","839","2021-04-11 21:15:53.231","0","20","Buy"
"1","835","-732","2021-04-11 21:15:53.495","46","0","Sell"
"1","836","-781","2021-04-11 21:15:54.604","47","0","Sell"
"1","837","842","2021-04-11 21:15:57.181","46","24","Sell"
"1","838","843","2021-04-11 21:15:57.648","44","25","Buy"
"1","839","844","2021-04-11 21:15:58.527","44","28","Buy"
"1","840","845","2021-04-11 21:15:58.528","0","37","Sell"
"1","841","-800","2021-04-11 21:15:58.739","44","0","Buy"
"1","842","-740","2021-04-11 21:15:59.397","44","0","Buy"
"1","843","-749","2021-04-11 21:16:00.351","46","0","Sell"
"1","844","849","2021-04-11 21:16:01.453","47","22","Sell"
"1","845","850","2021-04-11 21:16:01.504","44","29","Buy"
"1","846","851","2021-04-11 21:16:02.169","47","20","Sell"
"1","847","852","2021-04-11 21:16:03.131","47","38","Sell"
"1","848","-603","2021-04-11 21:16:04.453","44","0","Buy"
"1","849","-702","2021-04-11 21:16:05.552","46","0","Sell"
"1","850","855","2021-04-11 21:16:05.652","47","20","Sell"
"1","851","-629","2021-04-11 21:16:05.803","44","0","Buy"
"1","852","857","2021-04-11 21:16:06.166","0","21","Sell"
"1","853","858","2021-04-11 21:16:06.234","0","33","Buy"
"1","854","859","2021-04-11 21:16:06.705","0","62","Sell"
"1","855","860","2021-04-11 21:16:07.060","45","21","Buy"
"1","856","861","2021-04-11 21:16:07.409","0","27","Buy"
"1","857","862","2021-04-11 21:16:07.743","46","40","Sell"
"1","858","863","2021-04-11 21:16:08.606","47","974","Sell"
"1","859","864","2021-04-11 21:16:09.393","0","25","Sell"
"1","860","-812","2021-04-11 21:16:10.266","45","0","Buy"
"1","861","-803","2021-04-11 21:16:10.372","45","0","Buy"
"1","862","867","2021-04-11 21:16:12.499","46","27","Sell"
"1","863","868","2021-04-11 21:16:13.053","47","33","Sell"
"1","864","869","2021-04-11 21:16:14.901","46","125","Sell"
"1","865","-817","2021-04-11 21:16:16.085","46","0","Sell"
"1","866","871","2021-04-11 21:16:18.159","45","64","Buy"
"1","867","-851","2021-04-11 21:16:20.975","47","0","Sell"
"1","868","-717","2021-04-11 21:16:21.525","47","0","Sell"
"1","869","-842","2021-04-11 21:16:22.020","46","0","Sell"
"1","870","875","2021-04-11 21:16:22.368","46","140","Sell"
"1","871","876","2021-04-11 21:16:25.248","46","32","Sell"
"1","872","877","2021-04-11 21:16:27.352","45","20","Buy"
"1","873","878","2021-04-11 21:16:27.549","46","24","Sell"
"1","874","879","2021-04-11 21:16:27.551","46","5869","Sell"
"1","875","880","2021-04-11 21:16:27.630","0","107","Sell"
"1","876","881","2021-04-11 21:16:28.205","46","22","Sell"
"1","877","-778","2021-04-11 21:16:31.362","45","0","Buy"
"1","878","883","2021-04-11 21:16:31.491","0","42","Sell"
"1","879","884","2021-04-11 21:16:34.405","47","83","Sell"
"1","880","885","2021-04-11 21:16:34.464","44","75","Buy"
"1","881","886","2021-04-11 21:16:35.530","46","29","Sell"
"1","882","-852","2021-04-11 21:16:36.165","47","0","Sell"
"1","883","-821","2021-04-11 21:16:36.821","45","0","Buy"
"1","884","-696","2021-04-11 21:16:37.438","44","0","Buy"
"1","885","-850","2021-04-11 21:16:37.909","44","0","Buy"
"1","886","891","2021-04-11 21:16:39.546","46","53","Sell"
"1","887","892","2021-04-11 21:16:39.682","46","32","Sell"
"1","888","-876","2021-04-11 21:16:40.115","46","0","Sell"
"1","889","894","2021-04-11 21:16:41.323","44","29","Buy"
"1","890","-527","2021-04-11 21:16:41.970","43","0","Buy"
"1","891","-855","2021-04-11 21:16:42.411","47","0","Sell"
"1","892","897","2021-04-11 21:16:44.053","0","27","Sell"
"1","893","898","2021-04-11 21:16:46.945","0","24","Sell"
"1","894","899","2021-04-11 21:16:47.213","45","95","Buy"
"1","895","900","2021-04-11 21:16:48.317","0","49","Buy"
"1","896","-514","2021-04-11 21:16:48.424","43","0","Buy"
"1","897","902","2021-04-11 21:16:50.273","0","34","Buy"
"1","898","903","2021-04-11 21:16:50.702","0","23","Buy"
"1","899","904","2021-04-11 21:16:51.185","47","92","Sell"
"1","900","905","2021-04-11 21:16:51.301","47","21","Sell"
"1","901","-862","2021-04-11 21:16:54.443","46","0","Sell"
"1","902","-885","2021-04-11 21:16:54.590","44","0","Buy"
"1","903","-764","2021-04-11 21:16:54.727","45","0","Buy"
"1","904","-819","2021-04-11 21:16:56.062","47","0","Sell"
"1","905","910","2021-04-11 21:16:56.189","45","116990","Buy"
"1","906","-806","2021-04-11 21:16:56.771","47","0","Sell"
"1","907","-899","2021-04-11 21:16:57.398","45","0","Buy"
"1","908","913","2021-04-11 21:16:57.610","0","23","Buy"
"1","909","-762","2021-04-11 21:16:59.732","44","0","Buy"
"1","910","915","2021-04-11 21:17:01.042","45","22","Buy"
"1","911","916","2021-04-11 21:17:02.854","0","22","Sell"
"1","912","-661","2021-04-11 21:17:02.959","47","0","Sell"
"1","913","918","2021-04-11 21:17:03.849","47","34","Sell"
"1","914","919","2021-04-11 21:17:04.344","47","25","Sell"
"1","915","-843","2021-04-11 21:17:04.641","44","0","Buy"
"1","916","921","2021-04-11 21:17:05.407","45","56","Buy"
"1","917","-886","2021-04-11 21:17:06.060","46","0","Sell"
"1","918","923","2021-04-11 21:17:06.982","47","81","Sell"
"1","919","-860","2021-04-11 21:17:07.089","45","0","Buy"
"1","920","-867","2021-04-11 21:17:07.347","46","0","Sell"
"1","921","926","2021-04-11 21:17:07.734","46","24","Sell"
"1","922","927","2021-04-11 21:17:09.083","0","37","Buy"
"1","923","928","2021-04-11 21:17:09.964","46","64","Sell"
"1","924","-918","2021-04-11 21:17:11.432","47","0","Sell"
"1","925","930","2021-04-11 21:17:12.398","46","24","Sell"
"1","926","-824","2021-04-11 21:17:13.919","45","0","Buy"
"1","927","932","2021-04-11 21:17:14.685","44","154","Buy"
"1","928","-928","2021-04-11 21:17:15.345","46","0","Sell"
"1","929","-891","2021-04-11 21:17:15.548","46","0","Sell"
"1","930","-524","2021-04-11 21:17:16.446","44","0","Buy"
"1","931","936","2021-04-11 21:17:17.126","44","135","Buy"
"1","932","937","2021-04-11 21:17:17.181","44","43","Buy"
"1","933","938","2021-04-11 21:17:18.204","46","218","Sell"
"1","934","939","2021-04-11 21:17:18.869","0","22","Buy"
"1","935","940","2021-04-11 21:17:18.871","0","26","Buy"
"1","936","941","2021-04-11 21:17:21.275","46","36","Sell"
"1","937","942","2021-04-11 21:17:21.835","46","27","Sell"
"1","938","943","2021-04-11 21:17:24.975","46","32","Sell"
"1","939","944","2021-04-11 21:17:26.429","44","30","Buy"
"1","940","945","2021-04-11 21:17:28.998","47","34","Sell"
"1","941","946","2021-04-11 21:17:30.163","45","29","Buy"
"1","942","947","2021-04-11 21:17:31.854","45","77","Buy"
"1","943","948","2021-04-11 21:17:33.701","46","25","Sell"
"1","944","-878","2021-04-11 21:17:33.965","46","0","Sell"
"1","945","950","2021-04-11 21:17:34.680","44","25","Buy"
"1","946","951","2021-04-11 21:17:35.185","47","46","Sell"
"1","947","-915","2021-04-11 21:17:35.292","45","0","Buy"
"1","948","953","2021-04-11 21:17:35.642","0","49","Sell"
"1","949","-938","2021-04-11 21:17:36.099","46","0","Sell"
"1","950","-871","2021-04-11 21:17:36.268","45","0","Buy"
"1","951","956","2021-04-11 21:17:37.994","47","30","Sell"
"1","952","957","2021-04-11 21:17:39.710","47","45","Sell"
"1","953","958","2021-04-11 21:17:39.729","0","30","Buy"
"1","954","959","2021-04-11 21:17:40.202","45","21","Buy"
"1","955","960","2021-04-11 21:17:40.209","44","168","Buy"
"1","956","961","2021-04-11 21:17:40.978","0","37","Buy"
"1","957","962","2021-04-11 21:17:43.291","46","26","Sell"
"1","958","963","2021-04-11 21:17:44.650","0","34","Buy"
"1","959","964","2021-04-11 21:17:46.102","0","87","Sell"
"1","960","965","2021-04-11 21:17:46.234","44","263","Buy"
"1","961","966","2021-04-11 21:17:48.704","45","36","Buy"
"1","962","967","2021-04-11 21:17:48.762","46","60","Sell"
"1","963","968","2021-04-11 21:18:07.602","0","22","Buy"
"1","964","969","2021-04-11 21:18:11.522","44","36","Buy"
"1","965","970","2021-04-11 21:18:14.199","45","31","Buy"
"1","966","971","2021-04-11 21:18:14.557","45","74","Buy"
"1","967","972","2021-04-11 21:18:17.000","45","52","Buy"
"1","968","-921","2021-04-11 21:18:17.928","45","0","Buy"
"1","969","974","2021-04-11 21:18:18.661","44","22","Buy"
"1","970","975","2021-04-11 21:18:18.928","45","79","Buy"
"1","971","976","2021-04-11 21:18:25.812","46","68","Sell"
"1","972","977","2021-04-11 21:18:37.878","44","22","Buy"
"1","973","-879","2021-04-11 21:18:38.990","46","0","Sell"
"1","974","979","2021-04-11 21:18:44.248","0","23","Buy"
"1","975","-905","2021-04-11 21:18:45.386","47","0","Sell"
"1","976","981","2021-04-11 21:18:48.163","0","122","Sell"
"1","977","982","2021-04-11 21:18:48.422","47","29","Sell"
"1","978","983","2021-04-11 21:18:49.091","45","72","Buy"
"1","979","984","2021-04-11 21:18:50.553","47","40","Sell"
"1","980","985","2021-04-11 21:18:51.224","0","88","Buy"
"1","981","-942","2021-04-11 21:18:52.684","46","0","Sell"
"1","982","-947","2021-04-11 21:18:52.789","45","0","Buy"
"1","983","988","2021-04-11 21:18:53.284","44","39","Buy"
"1","984","989","2021-04-11 21:18:55.269","45","34","Buy"
"1","985","-959","2021-04-11 21:18:55.442","45","0","Buy"
"1","986","-487","2021-04-11 21:18:56.719","43","0","Buy"
"1","987","-970","2021-04-11 21:18:57.153","45","0","Buy"
"1","988","993","2021-04-11 21:18:58.938","46","267","Sell"
"1","989","994","2021-04-11 21:19:00.328","0","22","Buy"
"1","990","995","2021-04-11 21:19:01.636","45","51","Buy"
"1","991","996","2021-04-11 21:19:02.201","44","68","Buy"
"1","992","997","2021-04-11 21:19:02.375","45","29","Buy"
"1","993","-956","2021-04-11 21:19:03.145","47","0","Sell"
"1","994","999","2021-04-11 21:19:03.245","45","39","Buy"
"1","995","1000","2021-04-11 21:19:03.605","44","35","Buy"
"1","996","-995","2021-04-11 21:19:05.497","45","0","Buy"
"1","997","-818","2021-04-11 21:19:07.821","47","0","Sell"
"1","998","-967","2021-04-11 21:19:08.103","46","0","Sell"
"1","999","1004","2021-04-11 21:19:10.673","44","1811","Buy"
"1","1000","1005","2021-04-11 21:19:12.360","44","23","Buy"
"1","1001","-972","2021-04-11 21:19:12.503","45","0","Buy"
"1","1002","-820","2021-04-11 21:19:12.956","47","0","Sell"
"1","1003","1008","2021-04-11 21:19:13.091","0","23","Buy"
"1","1004","1009","2021-04-11 21:19:13.185","0","27","Sell"
"1","1005","1010","2021-04-11 21:19:14.439","46","71","Sell"
"1","1006","1011","2021-04-11 21:19:15.128","0","35","Sell"
"1","1007","1012","2021-04-11 21:19:15.225","44","47","Buy"
"1","1008","1013","2021-04-11 21:19:15.547","46","26","Sell"
"1","1009","1014","2021-04-11 21:19:15.893","44","51","Buy"
"1","1010","1015","2021-04-11 21:19:15.967","44","65","Buy"
"1","1011","1016","2021-04-11 21:19:17.423","47","82","Sell"
"1","1012","1017","2021-04-11 21:19:18.803","46","27","Sell"
"1","1013","1018","2021-04-11 21:19:20.634","47","28","Sell"
"1","1014","-844","2021-04-11 21:19:21.175","44","0","Buy"
"1","1015","1020","2021-04-11 21:19:21.282","44","70","Buy"
"1","1016","1021","2021-04-11 21:19:21.458","0","28","Buy"
"1","1017","1022","2021-04-11 21:19:22.082","47","22","Sell"
"1","1018","1023","2021-04-11 21:19:22.320","46","38","Sell"
"1","1019","-833","2021-04-11 21:19:22.878","47","0","Sell"
"1","1020","1025","2021-04-11 21:19:22.900","44","52","Buy"
"1","1021","1026","2021-04-11 21:19:23.196","46","33","Sell"
"1","1022","-919","2021-04-11 21:19:24.392","47","0","Sell"
"1","1023","-984","2021-04-11 21:19:25.505","47","0","Sell"
"1","1024","-999","2021-04-11 21:19:27.835","45","0","Buy"
"1","1025","1030","2021-04-11 21:19:28.479","47","52","Sell"
"1","1026","-752","2021-04-11 21:19:28.611","47","0","Sell"
"1","1027","-910","2021-04-11 21:19:29.077","45","0","Buy"
"1","1028","1033","2021-04-11 21:19:29.974","44","54","Buy"
"1","1029","-993","2021-04-11 21:19:30.921","46","0","Sell"
"1","1030","-828","2021-04-11 21:19:31.145","44","0","Buy"
"1","1031","1036","2021-04-11 21:19:32.171","47","26","Sell"
"1","1032","1037","2021-04-11 21:19:33.247","47","29","Sell"
"1","1033","1038","2021-04-11 21:19:33.406","46","64","Sell"
"1","1034","-884","2021-04-11 21:19:36.009","47","0","Sell"
"1","1035","1040","2021-04-11 21:19:36.125","44","21","Buy"
"1","1036","-930","2021-04-11 21:19:37.462","46","0","Sell"
"1","1037","1042","2021-04-11 21:19:38.296","45","33","Buy"
"1","1038","-1023","2021-04-11 21:19:38.820","46","0","Sell"
"1","1039","-936","2021-04-11 21:19:39.101","44","0","Buy"
"1","1040","-1022","2021-04-11 21:19:40.308","47","0","Sell"
"1","1041","1046","2021-04-11 21:19:40.436","45","21","Buy"
"1","1042","1047","2021-04-11 21:19:40.573","45","77","Buy"
"1","1043","1048","2021-04-11 21:19:42.426","44","20","Buy"
"1","1044","1049","2021-04-11 21:19:42.843","46","41","Sell"
"1","1045","-946","2021-04-11 21:19:43.360","45","0","Buy"
"1","1046","1051","2021-04-11 21:19:43.657","46","52","Sell"
"1","1047","1052","2021-04-11 21:19:44.631","45","32","Buy"
"1","1048","-982","2021-04-11 21:19:45.567","47","0","Sell"
"1","1049","-976","2021-04-11 21:19:46.458","46","0","Sell"
"1","1050","-643","2021-04-11 21:19:46.563","47","0","Sell"
"1","1051","1056","2021-04-11 21:19:47.849","44","417","Buy"
"1","1052","1057","2021-04-11 21:19:48.743","45","1226","Buy"
"1","1053","-969","2021-04-11 21:19:49.793","44","0","Buy"
"1","1054","-1013","2021-04-11 21:19:52.000","46","0","Sell"
"1","1055","1060","2021-04-11 21:19:52.583","47","20","Sell"
"1","1056","-983","2021-04-11 21:19:53.071","45","0","Buy"
"1","1057","1062","2021-04-11 21:19:53.073","46","177","Sell"
"1","1058","1063","2021-04-11 21:19:53.593","47","40","Sell"
"1","1059","1064","2021-04-11 21:19:56.340","0","22","Buy"
"1","1060","1065","2021-04-11 21:19:59.365","46","1322","Sell"
"1","1061","1066","2021-04-11 21:20:00.302","45","32","Buy"
"1","1062","1067","2021-04-11 21:20:02.211","0","26","Buy"
"1","1063","-1066","2021-04-11 21:20:08.511","45","0","Buy"
"1","1064","1069","2021-04-11 21:20:13.600","45","37","Buy"
"1","1065","1070","2021-04-11 21:20:15.211","44","34","Buy"
"1","1066","1071","2021-04-11 21:20:19.515","0","23","Buy"
"1","1067","-1069","2021-04-11 21:20:19.621","45","0","Buy"
"1","1068","1073","2021-04-11 21:20:25.548","0","34","Sell"
"1","1069","-868","2021-04-11 21:20:27.004","47","0","Sell"
"1","1070","1075","2021-04-11 21:20:33.047","47","55","Sell"
"1","1071","1076","2021-04-11 21:20:39.656","46","22","Sell"
"1","1072","-1060","2021-04-11 21:20:40.823","47","0","Sell"
"1","1073","-551","2021-04-11 21:20:42.928","44","0","Buy"
"1","1074","1079","2021-04-11 21:20:48.824","46","32","Sell"
"1","1075","1080","2021-04-11 21:20:49.218","45","52","Buy"
"1","1076","1081","2021-04-11 21:20:54.474","46","69","Sell"
"1","1077","-1049","2021-04-11 21:21:01.600","46","0","Sell"
"1","1078","-1038","2021-04-11 21:21:06.178","46","0","Sell"
"1","1079","-646","2021-04-11 21:21:07.019","44","0","Buy"
"1","1080","1085","2021-04-11 21:21:07.108","46","328","Sell"
"1","1081","-1047","2021-04-11 21:21:07.625","45","0","Buy"
"1","1082","-989","2021-04-11 21:21:09.190","45","0","Buy"
"1","1083","1088","2021-04-11 21:21:18.476","45","35","Buy"
"1","1084","1089","2021-04-11 21:21:19.247","45","52","Buy"
"1","1085","1090","2021-04-11 21:21:19.902","45","45","Buy"
"1","1086","-1057","2021-04-11 21:21:20.237","45","0","Buy"
"1","1087","1092","2021-04-11 21:21:21.127","44","367","Buy"
"1","1088","1093","2021-04-11 21:21:21.289","47","147","Sell"
"1","1089","1094","2021-04-11 21:21:21.575","47","69","Sell"
"1","1090","1095","2021-04-11 21:21:22.253","47","50","Sell"
"1","1091","1096","2021-04-11 21:21:22.901","47","21","Sell"
"1","1092","1097","2021-04-11 21:21:23.673","45","81","Buy"
"1","1093","1098","2021-04-11 21:21:23.851","44","50","Buy"
"1","1094","-937","2021-04-11 21:21:23.967","44","0","Buy"
"1","1095","1100","2021-04-11 21:21:25.089","46","25","Sell"
"1","1096","-1097","2021-04-11 21:21:26.370","45","0","Buy"
"1","1097","-966","2021-04-11 21:21:26.476","45","0","Buy"
"1","1098","1103","2021-04-11 21:21:32.304","0","23","Sell"
"1","1099","1104","2021-04-11 21:21:35.917","0","25","Sell"
"1","1100","-971","2021-04-11 21:21:42.764","45","0","Buy"
"1","1101","1106","2021-04-11 21:21:48.486","45","96","Buy"
"1","1102","-1085","2021-04-11 21:21:52.564","46","0","Sell"
"1","1103","1108","2021-04-11 21:21:52.610","0","27","Sell"
"1","1104","-1080","2021-04-11 21:21:54.634","45","0","Buy"
"1","1105","1110","2021-04-11 21:21:54.680","44","38","Buy"
"1","1106","1111","2021-04-11 21:21:55.018","0","899","Buy"
"1","1107","-1040","2021-04-11 21:21:56.642","44","0","Buy"
"1","1108","-894","2021-04-11 21:21:58.125","44","0","Buy"
"1","1109","1114","2021-04-11 21:21:58.296","0","26","Buy"
"1","1110","-1042","2021-04-11 21:21:58.575","45","0","Buy"
"1","1111","1116","2021-04-11 21:22:03.278","46","53","Sell"
"1","1112","1117","2021-04-11 21:22:05.956","45","90","Buy"
"1","1113","-957","2021-04-11 21:22:08.539","47","0","Sell"
"1","1114","-997","2021-04-11 21:22:13.420","45","0","Buy"
"1","1115","1120","2021-04-11 21:22:16.624","45","47","Buy"
"1","1116","1121","2021-04-11 21:22:18.888","47","54","Sell"
"1","1117","1122","2021-04-11 21:22:21.195","0","43","Buy"
"1","1118","1123","2021-04-11 21:22:21.734","46","129","Sell"
"1","1119","1124","2021-04-11 21:22:23.052","44","29","Buy"
"1","1120","1125","2021-04-11 21:22:26.824","44","25","Buy"
"1","1121","-1116","2021-04-11 21:22:28.678","46","0","Sell"
"1","1122","1127","2021-04-11 21:22:29.280","45","33","Buy"
"1","1123","1128","2021-04-11 21:22:29.435","46","691","Sell"
"1","1124","1129","2021-04-11 21:22:29.573","47","62","Sell"
"1","1125","1130","2021-04-11 21:22:32.594","0","24","Buy"
"1","1126","-1093","2021-04-11 21:22:32.758","47","0","Sell"
"1","1127","1132","2021-04-11 21:22:33.505","47","23","Sell"
"1","1128","1133","2021-04-11 21:22:36.788","0","29","Sell"
"1","1129","1134","2021-04-11 21:22:37.242","0","79","Sell"
"1","1130","-1095","2021-04-11 21:22:38.107","47","0","Sell"
"1","1131","1136","2021-04-11 21:22:38.162","44","113","Buy"
"1","1132","1137","2021-04-11 21:22:40.303","47","26","Sell"
"1","1133","-1117","2021-04-11 21:22:41.150","45","0","Buy"
"1","1134","1139","2021-04-11 21:22:42.261","0","137","Buy"
"1","1135","1140","2021-04-11 21:22:44.606","47","60","Sell"
"1","1136","-1100","2021-04-11 21:22:48.218","46","0","Sell"
"1","1137","-1120","2021-04-11 21:22:48.498","45","0","Buy"
"1","1138","1143","2021-04-11 21:22:50.222","47","22","Sell"
"1","1139","1144","2021-04-11 21:22:50.792","47","120","Sell"
"1","1140","1145","2021-04-11 21:22:51.877","46","2680","Sell"
"1","1141","-1106","2021-04-11 21:22:52.644","45","0","Buy"
"1","1142","1147","2021-04-11 21:22:52.646","45","24","Buy"
"1","1143","1148","2021-04-11 21:22:54.345","44","30","Buy"
"1","1144","-1127","2021-04-11 21:22:55.993","45","0","Buy"
"1","1145","1150","2021-04-11 21:22:56.368","45","23","Buy"
"1","1146","-507","2021-04-11 21:22:58.991","44","0","Buy"
"1","1147","1152","2021-04-11 21:22:59.022","47","79","Sell"
"1","1148","1153","2021-04-11 21:22:59.226","47","1045","Sell"
"1","1149","-701","2021-04-11 21:22:59.683","47","0","Sell"
"1","1150","-944","2021-04-11 21:23:03.056","44","0","Buy"
"1","1151","1156","2021-04-11 21:23:10.470","44","25","Buy"
"1","1152","1157","2021-04-11 21:23:14.801","47","43","Sell"
"1","1153","-1089","2021-04-11 21:23:19.423","45","0","Buy"
"1","1154","1159","2021-04-11 21:23:23.850","47","224","Sell"
"1","1155","1160","2021-04-11 21:23:24.558","0","20","Buy"
"1","1156","1161","2021-04-11 21:23:25.239","44","41","Buy"
"1","1157","1162","2021-04-11 21:23:25.802","44","80","Buy"
"1","1158","1163","2021-04-11 21:23:30.825","46","94","Sell"
"1","1159","1164","2021-04-11 21:23:31.657","0","31","Buy"
"1","1160","-1088","2021-04-11 21:23:32.652","45","0","Buy"
"1","1161","1166","2021-04-11 21:23:33.003","46","43","Sell"
"1","1162","-1147","2021-04-11 21:23:33.837","45","0","Buy"
"1","1163","1168","2021-04-11 21:23:37.030","44","20","Buy"
"1","1164","-1163","2021-04-11 21:23:39.544","46","0","Sell"
"1","1165","1170","2021-04-11 21:23:40.388","0","22","Buy"
"1","1166","1171","2021-04-11 21:23:40.764","45","33","Buy"
"1","1167","1172","2021-04-11 21:23:43.852","44","180","Buy"
"1","1168","-1065","2021-04-11 21:23:46.743","46","0","Sell"
"1","1169","-1144","2021-04-11 21:23:47.179","47","0","Sell"
"1","1170","1175","2021-04-11 21:23:47.437","45","2679","Buy"
"1","1171","1176","2021-04-11 21:23:47.813","0","25","Buy"
"1","1172","-1157","2021-04-11 21:23:48.249","47","0","Sell"
"1","1173","1178","2021-04-11 21:23:48.396","46","123","Sell"
"1","1174","1179","2021-04-11 21:23:49.825","45","41","Buy"
"1","1175","-1179","2021-04-11 21:23:49.931","45","0","Buy"
"1","1176","-1079","2021-04-11 21:23:50.505","46","0","Sell"
"1","1177","1182","2021-04-11 21:23:52.198","44","24","Buy"
"1","1178","1183","2021-04-11 21:23:53.174","47","22","Sell"
"1","1179","1184","2021-04-11 21:23:58.201","45","21","Buy"
"1","1180","-1166","2021-04-11 21:24:01.082","46","0","Sell"
"1","1181","1186","2021-04-11 21:24:01.725","47","44","Sell"
"1","1182","1187","2021-04-11 21:24:01.750","45","110","Buy"
"1","1183","1188","2021-04-11 21:24:04.483","0","31","Buy"
"1","1184","-1187","2021-04-11 21:24:04.588","45","0","Buy"
"1","1185","-1178","2021-04-11 21:24:05.329","46","0","Sell"
"1","1186","-1081","2021-04-11 21:24:06.353","46","0","Sell"
"1","1187","1192","2021-04-11 21:24:06.933","46","23","Sell"
"1","1188","-737","2021-04-11 21:24:07.577","47","0","Sell"
"1","1189","1194","2021-04-11 21:24:07.775","44","56","Buy"
"1","1190","1195","2021-04-11 21:24:07.986","0","21","Sell"
"1","1191","1196","2021-04-11 21:24:09.771","47","220","Sell"
"1","1192","1197","2021-04-11 21:24:12.482","45","32","Buy"
"1","1193","-1018","2021-04-11 21:24:13.992","47","0","Sell"
"1","1194","1199","2021-04-11 21:24:15.849","0","26","Sell"
"1","1195","1200","2021-04-11 21:24:16.172","47","50","Sell"
"1","1196","1201","2021-04-11 21:24:16.376","47","30","Sell"
"1","1197","-1184","2021-04-11 21:24:17.562","45","0","Buy"
"1","1198","1203","2021-04-11 21:24:18.226","46","39","Sell"
"1","1199","-977","2021-04-11 21:24:18.332","44","0","Buy"
"1","1200","1205","2021-04-11 21:24:18.681","47","67","Sell"
"1","1201","-1128","2021-04-11 21:24:19.433","46","0","Sell"
"1","1202","-1203","2021-04-11 21:24:23.017","46","0","Sell"
"1","1203","-1123","2021-04-11 21:24:23.612","46","0","Sell"
"1","1204","1209","2021-04-11 21:24:25.582","47","76","Sell"
"1","1205","1210","2021-04-11 21:24:25.717","44","31","Buy"
"1","1206","1211","2021-04-11 21:24:26.125","0","22","Sell"
"1","1207","-671","2021-04-11 21:24:26.646","44","0","Buy"
"1","1208","1213","2021-04-11 21:24:28.988","46","20","Sell"
"1","1209","1214","2021-04-11 21:24:29.308","46","404","Sell"
"1","1210","-1213","2021-04-11 21:24:29.415","46","0","Sell"
"1","1211","1216","2021-04-11 21:24:30.401","45","25","Buy"
"1","1212","1217","2021-04-11 21:24:32.665","44","127","Buy"
"1","1213","1218","2021-04-11 21:24:33.686","44","27","Buy"
"1","1214","-1016","2021-04-11 21:24:34.255","47","0","Sell"
"1","1215","-1197","2021-04-11 21:24:34.551","45","0","Buy"
"1","1216","1221","2021-04-11 21:24:34.897","44","118","Buy"
"1","1217","1222","2021-04-11 21:24:35.176","0","99","Buy"
"1","1218","-1171","2021-04-11 21:24:35.282","45","0","Buy"
"1","1219","1224","2021-04-11 21:24:35.934","47","27","Sell"
"1","1220","1225","2021-04-11 21:24:36.037","0","23","Buy"
"1","1221","-1175","2021-04-11 21:24:36.239","45","0","Buy"
"1","1222","-1196","2021-04-11 21:24:36.929","47","0","Sell"
"1","1223","1228","2021-04-11 21:24:37.972","45","27","Buy"
"1","1224","-965","2021-04-11 21:24:38.424","44","0","Buy"
"1","1225","1230","2021-04-11 21:24:38.897","44","48","Buy"
"1","1226","-1216","2021-04-11 21:24:39.271","45","0","Buy"
"1","1227","-1192","2021-04-11 21:24:39.500","46","0","Sell"
"1","1228","1233","2021-04-11 21:24:40.134","45","24","Buy"
"1","1229","-1228","2021-04-11 21:24:40.286","45","0","Buy"
"1","1230","1235","2021-04-11 21:24:40.303","46","51","Sell"
"1","1231","-1005","2021-04-11 21:24:40.409","44","0","Buy"
"1","1232","-1233","2021-04-11 21:24:40.718","45","0","Buy"
"1","1233","-1183","2021-04-11 21:24:41.184","47","0","Sell"
"1","1234","1239","2021-04-11 21:24:41.879","45","22","Sell"
"1","1235","1240","2021-04-11 21:24:42.439","44","24","Buy"
"1","1236","1241","2021-04-11 21:24:42.670","45","82","Sell"
"1","1237","-516","2021-04-11 21:24:43.326","43","0","Buy"
"1","1238","1243","2021-04-11 21:24:44.897","45","29","Sell"
"1","1239","-1168","2021-04-11 21:24:45.003","44","0","Buy"
"1","1240","1245","2021-04-11 21:24:45.709","43","34","Buy"
"1","1241","-1152","2021-04-11 21:24:45.816","47","0","Sell"
"1","1242","1247","2021-04-11 21:24:46.155","45","22","Sell"
"1","1243","1248","2021-04-11 21:24:47.402","43","379","Buy"
"1","1244","-1148","2021-04-11 21:24:47.516","44","0","Buy"
"1","1245","-1124","2021-04-11 21:24:48.211","44","0","Buy"
"1","1246","1251","2021-04-11 21:24:48.816","46","25","Sell"
"1","1247","1252","2021-04-11 21:24:48.922","43","68","Buy"
"1","1248","1253","2021-04-11 21:24:56.131","44","55","Buy"
"1","1249","-1186","2021-04-11 21:24:58.347","47","0","Sell"
"1","1250","1255","2021-04-11 21:24:58.799","0","21","Sell"
"1","1251","1256","2021-04-11 21:24:59.317","45","23","Sell"
"1","1252","1257","2021-04-11 21:25:01.368","0","23","Buy"
"1","1253","-787","2021-04-11 21:25:01.473","47","0","Sell"
"1","1254","-904","2021-04-11 21:25:03.212","47","0","Sell"
"1","1255","1260","2021-04-11 21:25:03.374","44","32","Buy"
"1","1256","-793","2021-04-11 21:25:04.854","47","0","Sell"
"1","1257","1262","2021-04-11 21:25:05.158","44","81","Buy"
"1","1258","-1125","2021-04-11 21:25:05.396","44","0","Buy"
"1","1259","1264","2021-04-11 21:25:05.401","43","77","Buy"
"1","1260","-1243","2021-04-11 21:25:05.533","45","0","Sell"
"1","1261","-1264","2021-04-11 21:25:05.639","43","0","Buy"
"1","1262","-1245","2021-04-11 21:25:06.690","43","0","Buy"
"1","1263","1268","2021-04-11 21:25:06.929","44","41","Buy"
"1","1264","-1252","2021-04-11 21:25:07.204","43","0","Buy"
"1","1265","1270","2021-04-11 21:25:07.239","43","20","Buy"
"1","1266","-1247","2021-04-11 21:25:07.421","45","0","Sell"
"1","1267","1272","2021-04-11 21:25:07.638","45","24","Sell"
"1","1268","1273","2021-04-11 21:25:07.748","46","28","Sell"
"1","1269","-1048","2021-04-11 21:25:09.102","44","0","Buy"
"1","1270","-1241","2021-04-11 21:25:09.688","45","0","Sell"
"1","1271","-1256","2021-04-11 21:25:09.889","45","0","Sell"
"1","1272","-1272","2021-04-11 21:25:10.095","45","0","Sell"
"1","1273","1278","2021-04-11 21:25:10.381","45","23","Buy"
"1","1274","-1075","2021-04-11 21:25:11.089","47","0","Sell"
"1","1275","1280","2021-04-11 21:25:11.475","46","31","Sell"
"1","1276","-1278","2021-04-11 21:25:12.070","45","0","Buy"
"1","1277","1282","2021-04-11 21:25:12.990","0","20","Sell"
"1","1278","1283","2021-04-11 21:25:13.334","45","151","Sell"
"1","1279","-932","2021-04-11 21:25:13.961","44","0","Buy"
"1","1280","1285","2021-04-11 21:25:14.477","45","21","Sell"
"1","1281","-1248","2021-04-11 21:25:15.158","43","0","Buy"
"1","1282","1287","2021-04-11 21:25:16.079","44","24","Buy"
"1","1283","-1230","2021-04-11 21:25:17.172","44","0","Buy"
"1","1284","1289","2021-04-11 21:25:17.359","45","397","Sell"
"1","1285","1290","2021-04-11 21:25:17.371","46","155","Sell"
"1","1286","-1273","2021-04-11 21:25:17.492","46","0","Sell"
"1","1287","1292","2021-04-11 21:25:18.514","0","21","Buy"
"1","1288","-1240","2021-04-11 21:25:18.764","44","0","Buy"
"1","1289","1294","2021-04-11 21:25:19.243","45","22","Sell"
"1","1290","1295","2021-04-11 21:25:19.302","45","125","Sell"
"1","1291","1296","2021-04-11 21:25:19.487","0","20","Sell"
"1","1292","1297","2021-04-11 21:25:19.932","43","29","Buy"
"1","1293","-1221","2021-04-11 21:25:20.600","44","0","Buy"
"1","1294","-1270","2021-04-11 21:25:20.762","43","0","Buy"
"1","1295","-1025","2021-04-11 21:25:21.296","44","0","Buy"
"1","1296","-1209","2021-04-11 21:25:21.401","47","0","Sell"
"1","1297","1302","2021-04-11 21:25:21.403","43","22","Buy"
"1","1298","-1004","2021-04-11 21:25:21.509","44","0","Buy"
"1","1299","-1302","2021-04-11 21:25:21.726","43","0","Buy"
"1","1300","-1294","2021-04-11 21:25:22.563","45","0","Sell"
"1","1301","1306","2021-04-11 21:25:22.612","46","121","Sell"
"1","1302","1307","2021-04-11 21:25:22.794","44","51","Buy"
"1","1303","1308","2021-04-11 21:25:23.095","43","28","Buy"
"1","1304","1309","2021-04-11 21:25:23.352","44","23","Buy"
"1","1305","1310","2021-04-11 21:25:24.241","45","135","Sell"
"1","1306","1311","2021-04-11 21:25:24.759","43","37","Buy"
"1","1307","-811","2021-04-11 21:25:24.876","47","0","Sell"
"1","1308","1313","2021-04-11 21:25:24.894","0","20","Sell"
"1","1309","1314","2021-04-11 21:25:25.968","46","37","Sell"
"1","1310","-1014","2021-04-11 21:25:26.084","44","0","Buy"
"1","1311","-1285","2021-04-11 21:25:26.324","45","0","Sell"
"1","1312","-1311","2021-04-11 21:25:26.486","43","0","Buy"
"1","1313","1318","2021-04-11 21:25:26.908","44","28","Buy"
"1","1314","1319","2021-04-11 21:25:26.910","44","40","Buy"
"1","1315","-1070","2021-04-11 21:25:27.016","44","0","Buy"
"1","1316","1321","2021-04-11 21:25:27.256","44","76","Buy"
"1","1317","-1314","2021-04-11 21:25:27.596","46","0","Sell"
"1","1318","-1308","2021-04-11 21:25:27.702","43","0","Buy"
"1","1319","1324","2021-04-11 21:25:27.703","45","37","Sell"
"1","1320","-1297","2021-04-11 21:25:27.967","43","0","Buy"
"1","1321","1326","2021-04-11 21:25:28.131","45","41","Sell"
"1","1322","-1321","2021-04-11 21:25:28.266","44","0","Buy"
"1","1323","1328","2021-04-11 21:25:28.846","43","22","Buy"
"1","1324","1329","2021-04-11 21:25:30.407","43","177","Buy"
"1","1325","-686","2021-04-11 21:25:30.724","44","0","Buy"
"1","1326","-813","2021-04-11 21:25:31.999","47","0","Sell"
"1","1327","-1033","2021-04-11 21:25:32.337","44","0","Buy"
"1","1328","1333","2021-04-11 21:25:33.570","43","33","Buy"
"1","1329","1334","2021-04-11 21:25:33.627","0","26","Sell"
"1","1330","1335","2021-04-11 21:25:37.863","43","37","Buy"
"1","1331","-1251","2021-04-11 21:25:39.622","46","0","Sell"
"1","1332","1337","2021-04-11 21:25:41.597","44","33","Buy"
"1","1333","1338","2021-04-11 21:25:42.728","0","48","Buy"
"1","1334","1339","2021-04-11 21:25:42.851","46","150","Sell"
"1","1335","1340","2021-04-11 21:25:43.370","0","34","Buy"
"1","1336","1341","2021-04-11 21:25:45.854","44","54","Buy"
"1","1337","-1283","2021-04-11 21:25:48.932","45","0","Sell"
"1","1338","1343","2021-04-11 21:25:52.551","0","22","Sell"
"1","1339","1344","2021-04-11 21:25:52.739","46","43","Sell"
"1","1340","1345","2021-04-11 21:25:54.084","0","30","Sell"
"1","1341","-1132","2021-04-11 21:25:55.705","47","0","Sell"
"1","1342","1347","2021-04-11 21:25:56.123","44","40","Buy"
"1","1343","1348","2021-04-11 21:25:58.255","44","25","Buy"
"1","1344","1349","2021-04-11 21:26:00.635","45","122","Sell"
"1","1345","-923","2021-04-11 21:26:00.741","47","0","Sell"
"1","1346","1351","2021-04-11 21:26:02.276","0","88","Buy"
"1","1347","1352","2021-04-11 21:26:03.605","44","131","Buy"
"1","1348","1353","2021-04-11 21:26:03.850","44","23","Buy"
"1","1349","-1347","2021-04-11 21:26:12.204","44","0","Buy"
"1","1350","1355","2021-04-11 21:26:22.697","0","23","Buy"
"1","1351","1356","2021-04-11 21:26:27.631","0","225","Buy"
"1","1352","1357","2021-04-11 21:26:29.196","43","105","Buy"
"1","1353","1358","2021-04-11 21:26:29.284","43","793","Buy"
"1","1354","-1358","2021-04-11 21:26:31.834","43","0","Buy"
"1","1355","1360","2021-04-11 21:26:33.104","44","85","Buy"
"1","1356","1361","2021-04-11 21:26:34.500","45","128","Sell"
"1","1357","1362","2021-04-11 21:26:34.893","43","34","Buy"
"1","1358","-1335","2021-04-11 21:26:36.388","43","0","Buy"
"1","1359","1364","2021-04-11 21:26:37.060","44","46","Buy"
"1","1360","1365","2021-04-11 21:26:37.440","0","21","Sell"
"1","1361","1366","2021-04-11 21:26:37.458","46","567","Sell"
"1","1362","1367","2021-04-11 21:26:37.957","46","25","Sell"
"1","1363","1368","2021-04-11 21:26:38.882","46","23","Sell"
"1","1364","-1289","2021-04-11 21:26:40.099","45","0","Sell"
"1","1365","1370","2021-04-11 21:26:40.120","43","33","Buy"
"1","1366","1371","2021-04-11 21:26:41.606","44","31","Buy"
"1","1367","1372","2021-04-11 21:26:49.044","0","26","Buy"
"1","1368","-1333","2021-04-11 21:27:00.801","43","0","Buy"
"1","1369","1374","2021-04-11 21:27:10.908","43","214","Buy"
"1","1370","1375","2021-04-11 21:27:12.628","45","33","Sell"
"1","1371","-1328","2021-04-11 21:27:13.097","43","0","Buy"
"1","1372","-1295","2021-04-11 21:27:17.625","45","0","Sell"
"1","1373","-1371","2021-04-11 21:27:17.919","44","0","Buy"
"1","1374","-1015","2021-04-11 21:27:23.389","44","0","Buy"
"1","1375","-1161","2021-04-11 21:27:26.227","44","0","Buy"
"1","1376","1381","2021-04-11 21:27:28.071","44","32","Buy"
"1","1377","-950","2021-04-11 21:27:34.103","44","0","Buy"
"1","1378","1383","2021-04-11 21:27:34.978","46","29","Sell"
"1","1379","1384","2021-04-11 21:27:36.390","44","25","Buy"
"1","1380","-1349","2021-04-11 21:27:36.618","45","0","Sell"
"1","1381","1386","2021-04-11 21:27:36.784","46","40","Sell"
"1","1382","1387","2021-04-11 21:27:37.196","43","59","Buy"
"1","1383","1388","2021-04-11 21:27:37.200","45","27","Sell"
"1","1384","1389","2021-04-11 21:27:37.574","44","51","Buy"
"1","1385","1390","2021-04-11 21:27:37.852","0","122","Sell"
"1","1386","1391","2021-04-11 21:27:37.940","45","735","Sell"
"1","1387","-1096","2021-04-11 21:27:38.046","47","0","Sell"
"1","1388","-1361","2021-04-11 21:27:38.152","45","0","Sell"
"1","1389","1394","2021-04-11 21:27:40.642","45","57","Sell"
"1","1390","-1387","2021-04-11 21:27:40.748","43","0","Buy"
"1","1391","1396","2021-04-11 21:27:41.409","44","52","Buy"
"1","1392","-1121","2021-04-11 21:27:42.115","47","0","Sell"
"1","1393","1398","2021-04-11 21:27:42.931","46","23","Sell"
"1","1394","-1360","2021-04-11 21:27:43.692","44","0","Buy"
"1","1395","-1030","2021-04-11 21:27:43.937","47","0","Sell"
"1","1396","1401","2021-04-11 21:27:45.422","45","218","Sell"
"1","1397","1402","2021-04-11 21:27:46.198","0","29","Buy"
"1","1398","1403","2021-04-11 21:27:47.725","46","25","Sell"
"1","1399","1404","2021-04-11 21:27:49.300","44","29","Buy"
"1","1400","-1396","2021-04-11 21:27:50.822","44","0","Buy"
"1","1401","1406","2021-04-11 21:27:51.717","44","26","Buy"
"1","1402","1407","2021-04-11 21:27:52.639","44","46","Buy"
"1","1403","1408","2021-04-11 21:27:55.028","43","421","Buy"
"1","1404","1409","2021-04-11 21:28:07.605","43","27","Buy"
"1","1405","1410","2021-04-11 21:28:09.545","0","41","Buy"
"1","1406","1411","2021-04-11 21:28:09.610","0","57","Buy"
"1","1407","-1374","2021-04-11 21:28:14.647","43","0","Buy"
"1","1408","1413","2021-04-11 21:28:16.065","45","108","Sell"
"1","1409","-945","2021-04-11 21:28:17.060","47","0","Sell"
"1","1410","-1368","2021-04-11 21:28:17.886","46","0","Sell"
"1","1411","1416","2021-04-11 21:28:18.889","0","49","Buy"
"1","1412","-960","2021-04-11 21:28:19.538","44","0","Buy"
"1","1413","-974","2021-04-11 21:28:23.568","44","0","Buy"
"1","1414","1419","2021-04-11 21:28:24.221","46","107","Sell"
"1","1415","-1401","2021-04-11 21:28:25.099","45","0","Sell"
"1","1416","1421","2021-04-11 21:28:27.610","45","27","Sell"
"1","1417","-1357","2021-04-11 21:28:28.000","43","0","Buy"
"1","1418","-1408","2021-04-11 21:28:30.243","43","0","Buy"
"1","1419","1424","2021-04-11 21:28:31.403","43","9679","Buy"
"1","1420","-1367","2021-04-11 21:28:33.616","46","0","Sell"
"1","1421","-1389","2021-04-11 21:28:34.439","44","0","Buy"
"1","1422","-1391","2021-04-11 21:28:36.255","45","0","Sell"
"1","1423","-1036","2021-04-11 21:28:38.405","47","0","Sell"
"1","1424","-1398","2021-04-11 21:28:38.511","46","0","Sell"
"1","1425","1430","2021-04-11 21:28:39.870","45","102","Sell"
"1","1426","-1306","2021-04-11 21:28:41.744","46","0","Sell"
"1","1427","1432","2021-04-11 21:28:41.782","46","22","Sell"
"1","1428","1433","2021-04-11 21:28:44.067","45","166","Sell"
"1","1429","1434","2021-04-11 21:28:46.043","0","29","Sell"
"1","1430","1435","2021-04-11 21:28:46.103","43","54","Buy"
"1","1431","1436","2021-04-11 21:28:47.824","43","27","Buy"
"1","1432","-726","2021-04-11 21:28:48.313","47","0","Sell"
"1","1433","1438","2021-04-11 21:28:49.950","43","24","Buy"
"1","1434","1439","2021-04-11 21:28:50.494","46","82","Sell"
"1","1435","1440","2021-04-11 21:28:51.428","46","5461","Sell"
"1","1436","-1388","2021-04-11 21:28:51.933","45","0","Sell"
"1","1437","1442","2021-04-11 21:28:51.996","46","40","Sell"
"1","1438","1443","2021-04-11 21:28:53.932","45","174","Sell"
"1","1439","-1409","2021-04-11 21:28:54.648","43","0","Buy"
"1","1440","1445","2021-04-11 21:28:55.164","44","131","Buy"
"1","1441","1446","2021-04-11 21:28:55.432","43","218","Buy"
"1","1442","1447","2021-04-11 21:28:57.096","44","32","Buy"
"1","1443","-1436","2021-04-11 21:29:02.427","43","0","Buy"
"1","1444","1449","2021-04-11 21:29:03.191","0","24","Buy"
"1","1445","1450","2021-04-11 21:29:05.478","0","20","Sell"
"1","1446","1451","2021-04-11 21:29:05.561","46","72","Sell"
"1","1447","-1253","2021-04-11 21:29:06.628","44","0","Buy"
"1","1448","1453","2021-04-11 21:29:06.833","43","53","Buy"
"1","1449","-1329","2021-04-11 21:29:08.326","43","0","Buy"
"1","1450","1455","2021-04-11 21:29:08.599","46","27","Sell"
"1","1451","1456","2021-04-11 21:29:13.836","45","44","Sell"
"1","1452","1457","2021-04-11 21:29:14.339","46","25","Sell"
"1","1453","-1375","2021-04-11 21:29:16.478","45","0","Sell"
"1","1454","-1424","2021-04-11 21:29:16.676","43","0","Buy"
"1","1455","1460","2021-04-11 21:29:18.801","43","41","Buy"
"1","1456","1461","2021-04-11 21:29:18.967","43","28","Buy"
"1","1457","-1413","2021-04-11 21:29:19.822","45","0","Sell"
"1","1458","1463","2021-04-11 21:29:20.928","46","27","Sell"
"1","1459","1464","2021-04-11 21:29:23.462","46","33","Sell"
"1","1460","-1453","2021-04-11 21:29:28.911","43","0","Buy"
"1","1461","1466","2021-04-11 21:29:29.472","45","24","Sell"
"1","1462","-1406","2021-04-11 21:29:30.456","44","0","Buy"
"1","1463","1468","2021-04-11 21:29:34.120","43","487","Buy"
"1","1464","-1460","2021-04-11 21:29:34.681","43","0","Buy"
"1","1465","1470","2021-04-11 21:29:35.946","45","37","Sell"
"1","1466","-1438","2021-04-11 21:29:37.033","43","0","Buy"
"1","1467","-1309","2021-04-11 21:29:39.033","44","0","Buy"
"1","1468","1473","2021-04-11 21:29:41.883","0","64","Buy"
"1","1469","1474","2021-04-11 21:29:42.294","44","69","Buy"
"1","1470","1475","2021-04-11 21:29:44.948","0","24","Sell"
"1","1471","1476","2021-04-11 21:29:45.107","45","57","Sell"
"1","1472","1477","2021-04-11 21:29:45.266","46","126","Sell"
"1","1473","-1205","2021-04-11 21:29:45.496","47","0","Sell"
"1","1474","1479","2021-04-11 21:29:45.710","0","71","Buy"
"1","1475","-1443","2021-04-11 21:29:46.181","45","0","Sell"
"1","1476","-1435","2021-04-11 21:29:50.901","43","0","Buy"
"1","1477","1482","2021-04-11 21:29:52.201","46","48","Sell"
"1","1478","1483","2021-04-11 21:29:52.341","0","30","Sell"
"1","1479","1484","2021-04-11 21:29:54.160","44","276","Buy"
"1","1480","-1468","2021-04-11 21:29:58.297","43","0","Buy"
"1","1481","1486","2021-04-11 21:29:58.825","43","78","Buy"
"1","1482","1487","2021-04-11 21:30:08.232","44","56","Buy"
"1","1483","1488","2021-04-11 21:30:11.854","45","46","Sell"
"1","1484","1489","2021-04-11 21:30:13.537","46","41","Sell"
"1","1485","-795","2021-04-11 21:30:15.615","47","0","Sell"
"1","1486","-1159","2021-04-11 21:30:19.049","47","0","Sell"
"1","1487","-1268","2021-04-11 21:30:19.182","44","0","Buy"
"1","1488","-1446","2021-04-11 21:30:20.380","43","0","Buy"
"1","1489","1494","2021-04-11 21:30:20.438","44","49","Buy"
"1","1490","1495","2021-04-11 21:30:21.556","43","24","Buy"
"1","1491","1496","2021-04-11 21:30:23.047","0","53","Sell"
"1","1492","-1092","2021-04-11 21:30:25.231","44","0","Buy"
"1","1493","1498","2021-04-11 21:30:25.331","46","31","Sell"
"1","1494","-1020","2021-04-11 21:30:25.599","44","0","Buy"
"1","1495","1500","2021-04-11 21:30:27.499","43","25","Buy"
"1","1496","1501","2021-04-11 21:30:29.284","0","23","Sell"
"1","1497","-1486","2021-04-11 21:30:31.986","43","0","Buy"
"1","1498","1503","2021-04-11 21:30:34.033","46","28","Sell"
"1","1499","1504","2021-04-11 21:30:34.100","45","25","Sell"
"1","1500","-1172","2021-04-11 21:30:34.579","44","0","Buy"
"1","1501","-1430","2021-04-11 21:30:34.843","45","0","Sell"
"1","1502","1507","2021-04-11 21:30:35.105","0","28","Sell"
"1","1503","-1224","2021-04-11 21:30:35.212","47","0","Sell"
"1","1504","1509","2021-04-11 21:30:35.213","43","22","Buy"
"1","1505","1510","2021-04-11 21:30:35.685","45","65","Sell"
"1","1506","1511","2021-04-11 21:30:36.033","43","32","Buy"
"1","1507","1512","2021-04-11 21:30:37.585","43","31","Buy"
"1","1508","1513","2021-04-11 21:30:39.269","43","76","Buy"
"1","1509","1514","2021-04-11 21:30:41.029","44","24","Buy"
"1","1510","1515","2021-04-11 21:30:43.514","45","200","Sell"
"1","1511","1516","2021-04-11 21:30:45.160","0","32","Buy"
"1","1512","1517","2021-04-11 21:30:45.630","45","24","Sell"
"1","1513","1518","2021-04-11 21:30:45.941","45","33","Sell"
"1","1514","1519","2021-04-11 21:30:48.974","0","35","Sell"
"1","1515","-849","2021-04-11 21:30:55.478","47","0","Sell"
"1","1516","1521","2021-04-11 21:30:57.801","44","610","Buy"
"1","1517","-1476","2021-04-11 21:30:58.342","45","0","Sell"
"1","1518","1523","2021-04-11 21:31:00.253","46","23","Sell"
"1","1519","1524","2021-04-11 21:31:02.305","45","25","Sell"
"1","1520","-1352","2021-04-11 21:31:03.224","44","0","Buy"
"1","1521","1526","2021-04-11 21:31:05.293","43","204","Buy"
"1","1522","-1403","2021-04-11 21:31:06.336","46","0","Sell"
"1","1523","1528","2021-04-11 21:31:07.444","44","24","Buy"
"1","1524","-1500","2021-04-11 21:31:07.626","43","0","Buy"
"1","1525","1530","2021-04-11 21:31:15.297","0","70","Buy"
"1","1526","-1504","2021-04-11 21:31:17.298","45","0","Sell"
"1","1527","-1370","2021-04-11 21:31:17.434","43","0","Buy"
"1","1528","1533","2021-04-11 21:31:17.762","43","34","Buy"
"1","1529","1534","2021-04-11 21:31:20.064","44","44","Buy"
"1","1530","1535","2021-04-11 21:31:33.132","44","30","Buy"
"1","1531","1536","2021-04-11 21:31:33.807","46","30","Sell"
"1","1532","1537","2021-04-11 21:31:52.872","46","24","Sell"
"1","1533","1538","2021-04-11 21:31:54.703","44","43","Buy"
"1","1534","-1533","2021-04-11 21:31:56.594","43","0","Buy"
"1","1535","-1477","2021-04-11 21:31:57.200","46","0","Sell"
"1","1536","1541","2021-04-11 21:31:58.348","44","31","Buy"
"1","1537","1542","2021-04-11 21:32:00.644","46","213","Sell"
"1","1538","-1348","2021-04-11 21:32:02.003","44","0","Buy"
"1","1539","-1498","2021-04-11 21:32:02.109","46","0","Sell"
"1","1540","-1510","2021-04-11 21:32:03.402","45","0","Sell"
"1","1541","1546","2021-04-11 21:32:03.638","44","115","Buy"
"1","1542","1547","2021-04-11 21:32:04.496","0","34","Sell"
"1","1543","-1404","2021-04-11 21:32:04.672","44","0","Buy"
"1","1544","1549","2021-04-11 21:32:04.810","43","160","Buy"
"1","1545","1550","2021-04-11 21:32:05.284","44","33","Buy"
"1","1546","1551","2021-04-11 21:32:05.353","44","73","Buy"
"1","1547","1552","2021-04-11 21:32:05.510","0","47","Buy"
"1","1548","-1549","2021-04-11 21:32:06.145","43","0","Buy"
"1","1549","1554","2021-04-11 21:32:06.741","45","21","Sell"
"1","1550","-1456","2021-04-11 21:32:08.180","45","0","Sell"
"1","1551","1556","2021-04-11 21:32:09.054","44","22","Buy"
"1","1552","1557","2021-04-11 21:32:18.102","44","109","Buy"
"1","1553","1558","2021-04-11 21:32:18.373","44","33","Buy"
"1","1554","1559","2021-04-11 21:32:18.890","44","71","Buy"
"1","1555","1560","2021-04-11 21:32:20.130","43","30","Buy"
"1","1556","-1521","2021-04-11 21:32:53.661","44","0","Buy"
"1","1557","1562","2021-04-11 21:32:54.203","0","185","Sell"
"1","1558","1563","2021-04-11 21:32:59.069","46","27","Sell"
"1","1559","-1201","2021-04-11 21:33:08.646","47","0","Sell"
"1","1560","1565","2021-04-11 21:33:14.911","46","39","Sell"
"1","1561","1566","2021-04-11 21:33:17.693","0","42","Buy"
"1","1562","1568","2021-04-11 21:33:20.641","46","32","Sell"
"1","1563","1569","2021-04-11 21:33:20.866","45","724","Sell"
"1","1564","-1364","2021-04-11 21:33:22.059","44","0","Buy"
"1","1565","1572","2021-04-11 21:33:22.947","0","95","Buy"
"1","1566","1573","2021-04-11 21:33:25.268","46","254","Sell"
"1","1567","1574","2021-04-11 21:33:25.908","0","49","Buy"
"1","1568","1575","2021-04-11 21:33:25.961","44","80","Buy"
"1","1569","-1554","2021-04-11 21:33:27.352","45","0","Sell"
"1","1570","-1381","2021-04-11 21:33:29.744","44","0","Buy"
"1","1571","-1455","2021-04-11 21:33:32.499","46","0","Sell"
"1","1572","1579","2021-04-11 21:33:34.467","0","82","Buy"
"1","1573","1580","2021-04-11 21:33:37.254","44","84","Buy"
"1","1574","1581","2021-04-11 21:33:37.490","45","102","Sell"
"1","1575","1582","2021-04-11 21:33:37.545","43","26","Buy"
"1","1576","1583","2021-04-11 21:33:38.280","43","21","Buy"
"1","1577","-1524","2021-04-11 21:33:40.962","45","0","Sell"
"1","1578","1585","2021-04-11 21:33:42.470","44","77","Buy"
"1","1579","1586","2021-04-11 21:33:43.178","0","42","Sell"
"1","1580","-1200","2021-04-11 21:33:43.388","47","0","Sell"
"1","1581","1588","2021-04-11 21:33:43.671","0","201","Sell"
"1","1582","1589","2021-04-11 21:33:43.935","0","28","Sell"
"1","1583","1590","2021-04-11 21:33:44.765","0","31","Buy"
"1","1584","1591","2021-04-11 21:33:45.701","0","48","Buy"
"1","1585","-1546","2021-04-11 21:33:51.125","44","0","Buy"
"1","1586","1595","2021-04-11 21:33:51.261","0","42","Sell"
"1","1587","-1344","2021-04-11 21:33:51.836","46","0","Sell"
"1","1588","-1542","2021-04-11 21:33:51.943","46","0","Sell"
"1","1589","1598","2021-04-11 21:33:52.188","46","43","Sell"
"1","1590","1599","2021-04-11 21:33:56.549","45","20","Sell"
"1","1591","-1565","2021-04-11 21:33:56.655","46","0","Sell"
"1","1592","-1581","2021-04-11 21:33:57.367","45","0","Sell"
"1","1593","1602","2021-04-11 21:33:57.935","44","50","Buy"
"1","1594","1603","2021-04-11 21:34:00.660","45","133","Sell"
"1","1595","1604","2021-04-11 21:34:02.283","46","38","Sell"
"1","1596","1605","2021-04-11 21:34:06.589","46","124","Sell"
"1","1597","-1362","2021-04-11 21:34:06.913","43","0","Buy"
"1","1598","1607","2021-04-11 21:34:07.360","46","42","Sell"
"1","1599","-1603","2021-04-11 21:34:11.124","45","0","Sell"
"1","1600","1609","2021-04-11 21:34:11.600","45","52","Sell"
"1","1601","-1511","2021-04-11 21:34:11.972","43","0","Buy"
"1","1602","-1457","2021-04-11 21:34:12.929","46","0","Sell"
"1","1603","-1129","2021-04-11 21:34:13.289","47","0","Sell"
"1","1604","1613","2021-04-11 21:34:13.692","43","68","Buy"
"1","1605","1614","2021-04-11 21:34:15.531","0","28","Buy"
"1","1606","-1129","2021-04-11 21:34:17.325","47","0","Sell"
"1","1607","-1609","2021-04-11 21:34:18.394","45","0","Sell"
"1","1608","1617","2021-04-11 21:34:18.987","46","82","Sell"
"1","1609","-1569","2021-04-11 21:34:19.089","45","0","Sell"
"1","1610","1619","2021-04-11 21:34:20.287","0","34","Buy"
"1","1611","1620","2021-04-11 21:34:21.007","45","42","Buy"
"1","1612","-863","2021-04-11 21:34:21.397","47","0","Sell"
"1","1613","1622","2021-04-11 21:34:22.552","44","41","Buy"
"1","1614","1623","2021-04-11 21:34:23.250","44","118","Buy"
"1","1615","-1137","2021-04-11 21:34:24.262","47","0","Sell"
"1","1616","1625","2021-04-11 21:34:25.105","45","50","Buy"
"1","1617","1626","2021-04-11 21:34:25.859","0","39","Sell"
"1","1618","1627","2021-04-11 21:34:27.800","0","22","Buy"
"1","1619","-1137","2021-04-11 21:34:28.316","47","0","Sell"
"1","1620","-1442","2021-04-11 21:34:29.156","46","0","Sell"
"1","1621","1630","2021-04-11 21:34:29.423","44","29","Buy"
"1","1622","1631","2021-04-11 21:34:30.869","44","58","Buy"
"1","1623","1632","2021-04-11 21:34:31.976","45","51","Buy"
"1","1624","1633","2021-04-11 21:34:33.641","45","269","Buy"
"1","1625","-1153","2021-04-11 21:34:33.746","47","0","Sell"
"1","1626","-1538","2021-04-11 21:34:33.852","44","0","Buy"
"1","1627","-951","2021-04-11 21:34:33.958","47","0","Sell"
"1","1628","1637","2021-04-11 21:34:34.922","0","31","Buy"
"1","1629","1638","2021-04-11 21:34:35.052","44","25","Buy"
"1","1630","1639","2021-04-11 21:34:35.681","45","34","Buy"
"1","1631","-1632","2021-04-11 21:34:35.811","45","0","Buy"
"1","1632","1641","2021-04-11 21:34:35.887","44","31","Buy"
"1","1633","-1094","2021-04-11 21:34:36.390","47","0","Sell"
"1","1634","1643","2021-04-11 21:34:36.936","47","39","Sell"
"1","1635","1644","2021-04-11 21:34:36.998","46","99","Sell"
"1","1636","1645","2021-04-11 21:34:37.797","0","32","Sell"
"1","1637","1646","2021-04-11 21:34:38.786","44","39","Buy"
"1","1638","1647","2021-04-11 21:34:40.236","47","20","Sell"
"1","1639","1648","2021-04-11 21:34:41.128","46","76","Sell"
"1","1640","1649","2021-04-11 21:34:42.760","47","48","Sell"
"1","1641","1650","2021-04-11 21:34:44.933","45","36","Buy"
"1","1642","1651","2021-04-11 21:34:47.148","44","31","Buy"
"1","1643","1652","2021-04-11 21:34:47.471","45","97","Buy"
"1","1644","-1140","2021-04-11 21:34:47.682","47","0","Sell"
"1","1645","1654","2021-04-11 21:34:48.927","46","53","Sell"
"1","1646","1657","2021-04-11 21:34:50.975","45","39","Buy"
"1","1647","1658","2021-04-11 21:34:51.406","47","55","Sell"
"1","1648","1660","2021-04-11 21:34:54.273","0","219","Sell"
"1","1649","1661","2021-04-11 21:34:54.739","44","92","Buy"
"1","1650","1662","2021-04-11 21:34:55.740","46","139","Sell"
"1","1651","1663","2021-04-11 21:34:57.203","45","41","Buy"
"1","1652","1664","2021-04-11 21:34:57.859","47","34","Sell"
"1","1653","1665","2021-04-11 21:34:57.968","44","34","Buy"
"1","1654","1667","2021-04-11 21:35:00.305","45","54","Buy"
"1","1655","1668","2021-04-11 21:35:01.468","44","27","Buy"
"1","1656","1669","2021-04-11 21:35:01.534","0","23","Sell"
"1","1657","-1643","2021-04-11 21:35:02.125","47","0","Sell"
"1","1658","1671","2021-04-11 21:35:06.673","0","46","Sell"
"1","1659","1672","2021-04-11 21:35:09.896","0","51","Buy"
"1","1660","-1440","2021-04-11 21:35:11.720","46","0","Sell"
"1","1661","-1602","2021-04-11 21:35:12.738","44","0","Buy"
"1","1662","1677","2021-04-11 21:35:12.914","0","34","Sell"
"1","1663","1678","2021-04-11 21:35:13.024","0","39","Sell"
"1","1664","1679","2021-04-11 21:35:13.146","45","68","Buy"
"1","1665","1680","2021-04-11 21:35:13.587","0","45","Sell"
"1","1666","1681","2021-04-11 21:35:13.857","0","22","Buy"
"1","1667","1682","2021-04-11 21:35:14.599","45","42","Buy"
"1","1668","1684","2021-04-11 21:35:15.796","44","25","Buy"
"1","1669","1685","2021-04-11 21:35:17.500","44","533","Buy"
"1","1670","1686","2021-04-11 21:35:19.929","47","1945","Sell"
"1","1671","1687","2021-04-11 21:35:21.222","45","25","Buy"
"1","1672","1688","2021-04-11 21:35:22.748","45","50","Buy"
"1","1673","1689","2021-04-11 21:35:22.750","46","49","Sell"
"1","1674","1691","2021-04-11 21:35:23.487","45","27","Buy"
"1","1675","1692","2021-04-11 21:35:24.462","44","232","Buy"
"1","1676","1693","2021-04-11 21:35:26.101","0","52","Sell"
"1","1677","1694","2021-04-11 21:35:26.224","47","39","Sell"
"1","1678","1695","2021-04-11 21:35:27.966","47","28","Sell"
"1","1679","1696","2021-04-11 21:35:29.322","0","37","Sell"
"1","1680","1697","2021-04-11 21:35:29.328","45","46","Buy"
"1","1681","1698","2021-04-11 21:35:29.730","0","36","Sell"
"1","1682","-1407","2021-04-11 21:35:29.941","44","0","Buy"
"1","1683","-1451","2021-04-11 21:35:30.150","46","0","Sell"
"1","1684","1702","2021-04-11 21:35:30.357","45","51","Buy"
"1","1685","-1063","2021-04-11 21:35:30.740","47","0","Sell"
"1","1686","1704","2021-04-11 21:35:30.852","45","61","Buy"
"1","1687","-1704","2021-04-11 21:35:32.073","45","0","Buy"
"1","1688","1707","2021-04-11 21:35:32.580","45","54","Buy"
"1","1689","1708","2021-04-11 21:35:33.086","45","232","Buy"
