"SecurityId","OrderId","ClientOrderId","DateTime","Price","Volume","Side"
"1","1","1","2021-04-16 03:04:45.265","1000","87","Sell"
"1","2","3","2021-04-16 03:05:06.744","1001","103","Sell"
"1","3","4","2021-04-16 03:05:15.147","1001","77","Sell"
"1","4","-1","2021-04-16 03:05:16.992","1000","0","Sell"
"1","5","7","2021-04-16 03:05:18.422","1000","27","Sell"
"1","6","8","2021-04-16 03:05:19.512","999","46","Sell"
"1","7","-8","2021-04-16 03:05:19.689","999","0","Sell"
"1","8","-3","2021-04-16 03:05:19.743","1001","0","Sell"
"1","9","11","2021-04-16 03:05:25.643","0","120","Buy"
"1","10","13","2021-04-16 03:05:26.092","1004","28","Sell"
"1","11","15","2021-04-16 03:05:28.192","998","86","Buy"
"1","12","-13","2021-04-16 03:05:29.448","1004","0","Sell"
"1","13","17","2021-04-16 03:05:30.131","999","21","Buy"
"1","14","18","2021-04-16 03:05:30.477","1000","35","Sell"
"1","15","19","2021-04-16 03:05:30.890","1001","221","Sell"
"1","16","20","2021-04-16 03:05:31.229","999","28","Buy"
"1","17","-17","2021-04-16 03:05:31.238","999","0","Buy"
"1","18","22","2021-04-16 03:05:31.307","998","34","Buy"
"1","19","23","2021-04-16 03:05:31.707","999","85","Buy"
"1","20","24","2021-04-16 03:05:32.092","1001","25","Sell"
"1","21","25","2021-04-16 03:05:32.636","998","131","Buy"
"1","22","26","2021-04-16 03:05:33.662","999","35","Buy"
"1","23","27","2021-04-16 03:05:33.689","998","28","Buy"
"1","24","-24","2021-04-16 03:05:33.955","1001","0","Sell"
"1","25","29","2021-04-16 03:05:34.166","998","139","Buy"
"1","26","30","2021-04-16 03:05:35.750","1000","36","Sell"
"1","27","31","2021-04-16 03:05:37.401","998","66","Buy"
"1","28","-18","2021-04-16 03:05:38.615","1000","0","Sell"
"1","29","33","2021-04-16 03:05:39.622","1001","130","Sell"
"1","30","34","2021-04-16 03:05:41.129","1000","241","Sell"
"1","31","-33","2021-04-16 03:05:41.688","1001","0","Sell"
"1","32","-31","2021-04-16 03:05:41.725","998","0","Buy"
"1","33","37","2021-04-16 03:05:41.998","1000","100","Sell"
"1","34","-34","2021-04-16 03:05:42.256","1000","0","Sell"
"1","35","39","2021-04-16 03:05:43.062","0","165","Sell"
"1","36","40","2021-04-16 03:05:43.129","999","40","Sell"
"1","37","-19","2021-04-16 03:05:43.752","1001","0","Sell"
"1","38","42","2021-04-16 03:05:44.182","0","72","Buy"
"1","39","-30","2021-04-16 03:05:46.200","1000","0","Sell"
"1","40","44","2021-04-16 03:05:47.230","0","80","Sell"
"1","41","45","2021-04-16 03:05:50.191","999","45","Sell"
"1","42","46","2021-04-16 03:05:50.703","997","23","Buy"
"1","43","-46","2021-04-16 03:05:51.503","997","0","Buy"
"1","44","48","2021-04-16 03:05:53.041","1000","182","Sell"
"1","45","49","2021-04-16 03:05:53.414","1000","55","Sell"
"1","46","50","2021-04-16 03:05:53.724","999","36","Sell"
"1","47","51","2021-04-16 03:05:53.730","1000","39","Sell"
"1","48","52","2021-04-16 03:05:53.741","999","63","Sell"
"1","49","53","2021-04-16 03:05:53.849","998","82","Buy"
"1","50","-49","2021-04-16 03:05:55.298","1000","0","Sell"
"1","51","55","2021-04-16 03:05:55.859","998","38","Buy"
"1","52","56","2021-04-16 03:05:56.468","0","230","Sell"
"1","53","-53","2021-04-16 03:05:57.720","998","0","Buy"
"1","54","-37","2021-04-16 03:06:01.214","1000","0","Sell"
"1","55","59","2021-04-16 03:06:01.758","0","50","Buy"
"1","56","60","2021-04-16 03:06:02.769","998","416","Buy"
"1","57","-52","2021-04-16 03:06:02.789","999","0","Sell"
"1","58","-29","2021-04-16 03:06:02.870","998","0","Buy"
"1","59","63","2021-04-16 03:06:04.104","999","135","Sell"
"1","60","64","2021-04-16 03:06:05.095","999","41","Sell"
"1","61","65","2021-04-16 03:06:07.768","1000","35","Sell"
"1","62","66","2021-04-16 03:06:08.369","999","73","Sell"
"1","63","67","2021-04-16 03:06:10.548","999","20","Sell"
"1","64","68","2021-04-16 03:06:16.412","997","46","Buy"
"1","65","69","2021-04-16 03:06:18.527","997","36","Buy"
"1","66","70","2021-04-16 03:06:21.425","997","39","Buy"
"1","67","71","2021-04-16 03:06:21.542","1000","303","Sell"
"1","68","72","2021-04-16 03:06:21.632","1000","22","Sell"
"1","69","73","2021-04-16 03:06:21.840","1000","73","Sell"
"1","70","-68","2021-04-16 03:06:22.605","997","0","Buy"
"1","71","75","2021-04-16 03:06:22.929","999","48","Sell"
"1","72","-51","2021-04-16 03:06:22.933","1000","0","Sell"
"1","73","77","2021-04-16 03:06:24.989","998","21","Buy"
"1","74","78","2021-04-16 03:06:45.457","998","32","Buy"
"1","75","79","2021-04-16 03:06:47.728","1000","22","Sell"
"1","76","80","2021-04-16 03:06:51.496","1000","22","Sell"
"1","77","-72","2021-04-16 03:06:55.859","1000","0","Sell"
"1","78","-77","2021-04-16 03:06:56.530","998","0","Buy"
"1","79","83","2021-04-16 03:06:58.716","998","31","Buy"
"1","80","84","2021-04-16 03:06:59.082","1000","32","Sell"
"1","81","85","2021-04-16 03:07:00.904","997","285","Buy"
"1","82","-85","2021-04-16 03:07:03.343","997","0","Buy"
"1","83","-55","2021-04-16 03:07:03.409","998","0","Buy"
"1","84","-64","2021-04-16 03:07:04.283","999","0","Sell"
"1","85","89","2021-04-16 03:07:04.289","999","30","Sell"
"1","86","90","2021-04-16 03:07:04.327","997","43","Buy"
"1","87","91","2021-04-16 03:07:04.681","1000","357","Sell"
"1","88","92","2021-04-16 03:07:04.695","1000","25","Sell"
"1","89","-79","2021-04-16 03:07:05.068","1000","0","Sell"
"1","90","-48","2021-04-16 03:07:05.539","1000","0","Sell"
"1","91","95","2021-04-16 03:07:06.196","998","23","Buy"
"1","92","96","2021-04-16 03:07:07.363","0","118","Sell"
"1","93","-69","2021-04-16 03:07:07.813","997","0","Buy"
"1","94","98","2021-04-16 03:07:08.958","998","32","Buy"
"1","95","99","2021-04-16 03:07:09.531","1000","202","Sell"
"1","96","-92","2021-04-16 03:07:09.756","1000","0","Sell"
"1","97","-65","2021-04-16 03:07:10.243","1000","0","Sell"
"1","98","-73","2021-04-16 03:07:10.321","1000","0","Sell"
"1","99","103","2021-04-16 03:07:10.506","1000","39","Sell"
"1","100","-80","2021-04-16 03:07:11.880","1000","0","Sell"
"1","101","105","2021-04-16 03:07:14.253","998","42","Buy"
"1","102","106","2021-04-16 03:07:14.401","0","76","Sell"
"1","103","107","2021-04-16 03:07:15.356","998","156","Buy"
"1","104","-70","2021-04-16 03:07:15.703","997","0","Buy"
"1","105","109","2021-04-16 03:07:16.736","0","106","Buy"
"1","106","110","2021-04-16 03:07:17.376","998","21","Buy"
"1","107","111","2021-04-16 03:07:23.237","1000","47","Sell"
"1","108","112","2021-04-16 03:07:28.045","998","21","Buy"
"1","109","-75","2021-04-16 03:07:31.223","999","0","Sell"
"1","110","114","2021-04-16 03:07:31.277","998","22","Buy"
"1","111","115","2021-04-16 03:07:32.666","997","42","Buy"
"1","112","116","2021-04-16 03:07:32.857","999","168","Sell"
"1","113","-99","2021-04-16 03:07:34.043","1000","0","Sell"
"1","114","118","2021-04-16 03:07:35.715","999","31","Sell"
"1","115","119","2021-04-16 03:07:52.724","999","230","Sell"
"1","116","-115","2021-04-16 03:08:08.182","997","0","Buy"
"1","117","121","2021-04-16 03:08:11.783","998","228","Buy"
"1","118","122","2021-04-16 03:08:12.807","0","62","Buy"
"1","119","-71","2021-04-16 03:08:18.210","1000","0","Sell"
"1","120","124","2021-04-16 03:08:18.300","997","22","Buy"
"1","121","-112","2021-04-16 03:08:18.736","998","0","Buy"
"1","122","126","2021-04-16 03:08:19.252","998","29","Buy"
"1","123","127","2021-04-16 03:08:19.593","1000","71","Sell"
"1","124","128","2021-04-16 03:08:19.778","999","53","Sell"
"1","125","129","2021-04-16 03:08:20.779","998","153","Buy"
"1","126","-119","2021-04-16 03:08:21.214","999","0","Sell"
"1","127","131","2021-04-16 03:08:21.366","1000","24","Sell"
"1","128","132","2021-04-16 03:08:22.214","1000","21","Sell"
"1","129","-98","2021-04-16 03:08:27.237","998","0","Buy"
"1","130","134","2021-04-16 03:08:27.472","997","749","Buy"
"1","131","135","2021-04-16 03:08:29.496","999","34","Sell"
"1","132","-78","2021-04-16 03:08:29.581","998","0","Buy"
"1","133","137","2021-04-16 03:08:29.668","999","61","Sell"
"1","134","138","2021-04-16 03:08:30.993","999","43","Sell"
"1","135","-134","2021-04-16 03:08:31.150","997","0","Buy"
"1","136","140","2021-04-16 03:08:32.103","0","385","Sell"
"1","137","141","2021-04-16 03:08:32.715","998","44","Buy"
"1","138","142","2021-04-16 03:08:33.204","999","21","Sell"
"1","139","-127","2021-04-16 03:08:34.275","1000","0","Sell"
"1","140","-89","2021-04-16 03:08:35.164","999","0","Sell"
"1","141","145","2021-04-16 03:08:36.283","997","43","Buy"
"1","142","146","2021-04-16 03:08:37.602","997","21","Buy"
"1","143","-103","2021-04-16 03:08:39.673","1000","0","Sell"
"1","144","-90","2021-04-16 03:08:39.833","997","0","Buy"
"1","145","149","2021-04-16 03:08:40.002","0","53","Sell"
"1","146","-124","2021-04-16 03:08:40.311","997","0","Buy"
"1","147","151","2021-04-16 03:08:42.410","1000","56","Sell"
"1","148","-110","2021-04-16 03:08:42.651","998","0","Buy"
"1","149","153","2021-04-16 03:08:42.895","0","168","Buy"
"1","150","154","2021-04-16 03:08:43.521","1000","125","Sell"
"1","151","155","2021-04-16 03:08:45.384","998","37","Buy"
"1","152","156","2021-04-16 03:08:46.916","997","80","Buy"
"1","153","157","2021-04-16 03:08:51.162","999","65","Sell"
"1","154","158","2021-04-16 03:08:51.232","999","26","Sell"
"1","155","159","2021-04-16 03:08:57.046","0","69","Sell"
"1","156","-129","2021-04-16 03:08:58.041","998","0","Buy"
"1","157","161","2021-04-16 03:09:00.792","998","31","Buy"
"1","158","162","2021-04-16 03:09:05.600","0","57","Sell"
"1","159","163","2021-04-16 03:09:06.871","997","275","Buy"
"1","160","164","2021-04-16 03:09:12.823","1000","22","Sell"
"1","161","165","2021-04-16 03:09:14.900","997","53","Buy"
"1","162","166","2021-04-16 03:09:15.438","998","1105","Buy"
"1","163","167","2021-04-16 03:09:15.625","0","148","Buy"
"1","164","168","2021-04-16 03:09:16.826","999","93","Sell"
"1","165","169","2021-04-16 03:09:18.554","1000","72","Sell"
"1","166","170","2021-04-16 03:09:22.932","1000","39","Sell"
"1","167","171","2021-04-16 03:09:27.131","999","23","Sell"
"1","168","172","2021-04-16 03:09:28.120","0","359","Sell"
"1","169","-164","2021-04-16 03:09:28.435","1000","0","Sell"
"1","170","174","2021-04-16 03:09:29.080","997","34","Buy"
"1","171","175","2021-04-16 03:09:30.297","998","23","Buy"
"1","172","-151","2021-04-16 03:09:34.326","1000","0","Sell"
"1","173","177","2021-04-16 03:09:36.739","998","84","Buy"
"1","174","178","2021-04-16 03:09:38.879","997","27","Buy"
"1","175","179","2021-04-16 03:09:42.565","1000","929","Sell"
"1","176","-170","2021-04-16 03:09:44.626","1000","0","Sell"
"1","177","-165","2021-04-16 03:09:47.526","997","0","Buy"
"1","178","182","2021-04-16 03:09:48.623","998","20","Buy"
"1","179","-168","2021-04-16 03:09:48.657","999","0","Sell"
"1","180","-156","2021-04-16 03:09:51.717","997","0","Buy"
"1","181","-182","2021-04-16 03:09:52.081","998","0","Buy"
"1","182","186","2021-04-16 03:10:11.506","997","82","Buy"
"1","183","187","2021-04-16 03:10:14.261","999","30","Sell"
"1","184","188","2021-04-16 03:10:14.594","998","85","Buy"
"1","185","-91","2021-04-16 03:10:42.558","1000","0","Sell"
"1","186","190","2021-04-16 03:10:48.586","999","46","Sell"
"1","187","-158","2021-04-16 03:10:49.139","999","0","Sell"
"1","188","192","2021-04-16 03:10:50.432","998","20","Buy"
"1","189","193","2021-04-16 03:10:50.712","999","150","Sell"
"1","190","-193","2021-04-16 03:10:51.502","999","0","Sell"
"1","191","195","2021-04-16 03:10:51.815","998","123","Buy"
"1","192","-177","2021-04-16 03:10:52.151","998","0","Buy"
"1","193","197","2021-04-16 03:10:52.514","0","59","Buy"
"1","194","198","2021-04-16 03:10:52.731","998","44","Buy"
"1","195","199","2021-04-16 03:10:53.122","999","54","Sell"
"1","196","200","2021-04-16 03:10:53.817","0","387","Buy"
"1","197","201","2021-04-16 03:10:54.437","997","82","Buy"
"1","198","202","2021-04-16 03:10:58.292","0","213","Buy"
"1","199","-186","2021-04-16 03:10:58.819","997","0","Buy"
"1","200","205","2021-04-16 03:11:02.431","0","100","Sell"
"1","201","206","2021-04-16 03:11:02.472","999","54","Sell"
"1","202","207","2021-04-16 03:11:05.489","0","56","Sell"
"1","203","208","2021-04-16 03:11:05.830","997","57","Buy"
"1","204","209","2021-04-16 03:11:05.936","997","22","Buy"
"1","205","-206","2021-04-16 03:11:06.423","999","0","Sell"
"1","206","211","2021-04-16 03:11:07.047","997","26","Buy"
"1","207","-192","2021-04-16 03:11:08.005","998","0","Buy"
"1","208","-169","2021-04-16 03:11:08.571","1000","0","Sell"
"1","209","215","2021-04-16 03:11:10.611","0","65","Sell"
"1","210","-163","2021-04-16 03:11:10.748","997","0","Buy"
"1","211","217","2021-04-16 03:11:11.285","997","57","Buy"
"1","212","218","2021-04-16 03:11:11.409","999","30","Buy"
"1","213","219","2021-04-16 03:11:12.930","998","23","Buy"
"1","214","220","2021-04-16 03:11:14.419","998","27","Buy"
"1","215","221","2021-04-16 03:11:14.566","0","175","Buy"
"1","216","222","2021-04-16 03:11:17.415","1001","398","Sell"
"1","217","223","2021-04-16 03:11:20.493","999","23","Buy"
"1","218","224","2021-04-16 03:11:20.554","1001","220","Sell"
"1","219","-224","2021-04-16 03:11:21.430","1001","0","Sell"
"1","220","-222","2021-04-16 03:11:23.630","1001","0","Sell"
"1","221","227","2021-04-16 03:11:25.337","999","165","Buy"
"1","222","228","2021-04-16 03:11:25.638","1000","53","Sell"
"1","223","-218","2021-04-16 03:11:25.854","999","0","Buy"
"1","224","-175","2021-04-16 03:11:27.459","998","0","Buy"
"1","225","-188","2021-04-16 03:11:28.491","998","0","Buy"
"1","226","-219","2021-04-16 03:11:32.544","998","0","Buy"
"1","227","235","2021-04-16 03:11:34.216","1001","33","Sell"
"1","228","-228","2021-04-16 03:11:35.068","1000","0","Sell"
"1","229","237","2021-04-16 03:11:35.373","1000","1954","Sell"
"1","230","-220","2021-04-16 03:11:35.678","998","0","Buy"
"1","231","-217","2021-04-16 03:11:35.893","997","0","Buy"
"1","232","-237","2021-04-16 03:11:37.163","1000","0","Sell"
"1","233","-195","2021-04-16 03:11:37.364","998","0","Buy"
"1","234","-235","2021-04-16 03:11:37.631","1001","0","Sell"
"1","235","-211","2021-04-16 03:11:40.093","997","0","Buy"
"1","236","247","2021-04-16 03:11:40.980","999","96","Buy"
"1","237","248","2021-04-16 03:11:41.118","1000","32","Sell"
"1","238","249","2021-04-16 03:11:41.665","999","85","Buy"
"1","239","250","2021-04-16 03:11:44.131","1001","22","Sell"
"1","240","251","2021-04-16 03:11:44.816","999","51","Buy"
"1","241","252","2021-04-16 03:11:45.258","999","34","Buy"
"1","242","253","2021-04-16 03:11:46.004","999","43","Buy"
"1","243","254","2021-04-16 03:11:48.040","999","27","Buy"
"1","244","255","2021-04-16 03:11:48.362","1000","30","Sell"
"1","245","256","2021-04-16 03:11:49.181","0","1787","Buy"
"1","246","257","2021-04-16 03:11:50.006","998","68","Buy"
"1","247","258","2021-04-16 03:11:50.019","1007","28","Sell"
"1","248","259","2021-04-16 03:12:03.871","0","70","Sell"
"1","249","260","2021-04-16 03:12:05.355","1006","47","Sell"
"1","250","261","2021-04-16 03:12:07.773","998","22","Buy"
"1","251","262","2021-04-16 03:12:07.887","1005","33","Sell"
"1","252","263","2021-04-16 03:12:08.931","1004","118","Sell"
"1","253","264","2021-04-16 03:12:09.434","1003","135","Sell"
"1","254","265","2021-04-16 03:12:10.716","1000","57","Buy"
"1","255","-265","2021-04-16 03:12:10.770","1000","0","Buy"
"1","256","-263","2021-04-16 03:12:11.332","1004","0","Sell"
"1","257","268","2021-04-16 03:12:11.690","1004","177","Sell"
"1","258","269","2021-04-16 03:12:11.937","0","199","Sell"
"1","259","270","2021-04-16 03:12:12.370","1000","31","Buy"
"1","260","271","2021-04-16 03:12:14.416","1002","58","Sell"
"1","261","272","2021-04-16 03:12:14.852","1001","27","Buy"
"1","262","273","2021-04-16 03:12:15.205","1002","75","Sell"
"1","263","-271","2021-04-16 03:12:16.302","1002","0","Sell"
"1","264","-272","2021-04-16 03:12:16.796","1001","0","Buy"
"1","265","276","2021-04-16 03:12:19.670","999","43","Buy"
"1","266","277","2021-04-16 03:12:24.173","0","51","Buy"
"1","267","278","2021-04-16 03:12:32.725","0","127","Sell"
"1","268","-174","2021-04-16 03:12:33.388","997","0","Buy"
"1","269","280","2021-04-16 03:12:41.911","1001","173","Sell"
"1","270","-166","2021-04-16 03:12:42.996","998","0","Buy"
"1","271","282","2021-04-16 03:12:43.669","0","71","Buy"
"1","272","283","2021-04-16 03:12:46.369","1002","44","Sell"
"1","273","-283","2021-04-16 03:12:50.516","1002","0","Sell"
"1","274","285","2021-04-16 03:12:52.844","1000","83","Buy"
"1","275","286","2021-04-16 03:12:54.684","1001","52","Sell"
"1","276","287","2021-04-16 03:12:55.391","1001","484","Sell"
"1","277","288","2021-04-16 03:12:56.078","1000","60","Buy"
"1","278","289","2021-04-16 03:12:57.458","999","152","Buy"
"1","279","-268","2021-04-16 03:12:57.769","1004","0","Sell"
"1","280","-287","2021-04-16 03:12:59.141","1001","0","Sell"
"1","281","292","2021-04-16 03:12:59.466","1000","57","Buy"
"1","282","-273","2021-04-16 03:12:59.610","1002","0","Sell"
"1","283","294","2021-04-16 03:13:05.046","1002","586","Sell"
"1","284","-201","2021-04-16 03:13:09.816","997","0","Buy"
"1","285","296","2021-04-16 03:13:12.837","1001","25","Sell"
"1","286","297","2021-04-16 03:13:14.039","1000","28","Buy"
"1","287","298","2021-04-16 03:13:22.945","0","152","Buy"
"1","288","-296","2021-04-16 03:13:24.941","1001","0","Sell"
"1","289","300","2021-04-16 03:13:26.267","1001","85","Sell"
"1","290","301","2021-04-16 03:13:30.367","1002","84","Sell"
"1","291","302","2021-04-16 03:13:30.896","1000","28","Buy"
"1","292","303","2021-04-16 03:13:31.222","0","60","Sell"
"1","293","304","2021-04-16 03:13:33.758","1000","49","Buy"
"1","294","-178","2021-04-16 03:13:35.508","997","0","Buy"
"1","295","306","2021-04-16 03:13:35.814","1002","31","Sell"
"1","296","-300","2021-04-16 03:13:37.255","1001","0","Sell"
"1","297","-252","2021-04-16 03:13:39.556","999","0","Buy"
"1","298","309","2021-04-16 03:13:39.790","1002","38","Sell"
"1","299","310","2021-04-16 03:13:40.635","1000","23","Buy"
"1","300","311","2021-04-16 03:13:41.112","1002","48","Sell"
"1","301","312","2021-04-16 03:13:41.910","1002","102","Sell"
"1","302","313","2021-04-16 03:13:42.279","0","53","Buy"
"1","303","314","2021-04-16 03:13:42.435","1001","25","Sell"
"1","304","-289","2021-04-16 03:13:43.600","999","0","Buy"
"1","305","316","2021-04-16 03:13:44.977","1002","42","Sell"
"1","306","-314","2021-04-16 03:13:45.564","1001","0","Sell"
"1","307","318","2021-04-16 03:13:46.890","1003","53","Sell"
"1","308","-264","2021-04-16 03:13:47.884","1003","0","Sell"
"1","309","-292","2021-04-16 03:13:50.235","1000","0","Buy"
"1","310","321","2021-04-16 03:13:50.642","1003","29","Sell"
"1","311","322","2021-04-16 03:13:51.920","1001","22","Buy"
"1","312","-145","2021-04-16 03:13:54.084","997","0","Buy"
"1","313","-301","2021-04-16 03:13:54.522","1002","0","Sell"
"1","314","-258","2021-04-16 03:13:55.044","1007","0","Sell"
"1","315","326","2021-04-16 03:13:55.743","1000","20","Buy"
"1","316","-322","2021-04-16 03:13:57.155","1001","0","Buy"
"1","317","328","2021-04-16 03:13:58.326","1003","232","Sell"
"1","318","329","2021-04-16 03:13:58.622","999","45","Buy"
"1","319","330","2021-04-16 03:13:58.893","0","174","Buy"
"1","320","-311","2021-04-16 03:14:05.368","1002","0","Sell"
"1","321","332","2021-04-16 03:14:07.675","1001","46","Buy"
"1","322","333","2021-04-16 03:14:08.108","1002","27","Sell"
"1","323","-332","2021-04-16 03:14:08.456","1001","0","Buy"
"1","324","-326","2021-04-16 03:14:10.969","1000","0","Buy"
"1","325","336","2021-04-16 03:14:13.926","1001","34","Buy"
"1","326","337","2021-04-16 03:14:16.448","0","68","Sell"
"1","327","338","2021-04-16 03:14:16.539","1003","67","Sell"
"1","328","339","2021-04-16 03:14:17.291","1003","1390","Sell"
"1","329","-198","2021-04-16 03:14:18.584","998","0","Buy"
"1","330","341","2021-04-16 03:14:19.186","1001","84","Buy"
"1","331","342","2021-04-16 03:14:19.729","0","114","Sell"
"1","332","343","2021-04-16 03:14:20.190","999","95","Buy"
"1","333","344","2021-04-16 03:14:21.755","1003","25","Sell"
"1","334","-302","2021-04-16 03:14:22.795","1000","0","Buy"
"1","335","346","2021-04-16 03:14:24.425","1001","38","Buy"
"1","336","-253","2021-04-16 03:14:24.756","999","0","Buy"
"1","337","348","2021-04-16 03:14:26.186","1000","21","Buy"
"1","338","349","2021-04-16 03:14:26.390","0","81","Buy"
"1","339","-261","2021-04-16 03:14:26.509","998","0","Buy"
"1","340","351","2021-04-16 03:14:26.716","1001","53","Buy"
"1","341","-309","2021-04-16 03:14:27.290","1002","0","Sell"
"1","342","353","2021-04-16 03:14:28.406","1002","1061","Sell"
"1","343","354","2021-04-16 03:14:28.787","1000","60","Buy"
"1","344","355","2021-04-16 03:14:30.756","1001","26","Buy"
"1","345","356","2021-04-16 03:14:31.279","1001","111","Buy"
"1","346","-348","2021-04-16 03:14:31.565","1000","0","Buy"
"1","347","358","2021-04-16 03:14:31.649","0","94","Buy"
"1","348","359","2021-04-16 03:14:31.723","1001","40","Buy"
"1","349","360","2021-04-16 03:14:31.786","1002","37","Sell"
"1","350","361","2021-04-16 03:14:31.989","1000","21","Buy"
"1","351","-249","2021-04-16 03:14:33.679","999","0","Buy"
"1","352","363","2021-04-16 03:14:33.728","1001","22","Buy"
"1","353","364","2021-04-16 03:14:34.417","1002","1995","Sell"
"1","354","365","2021-04-16 03:14:34.592","1001","26","Buy"
"1","355","-339","2021-04-16 03:14:35.690","1003","0","Sell"
"1","356","367","2021-04-16 03:14:36.494","0","81","Buy"
"1","357","368","2021-04-16 03:14:37.620","1002","33","Sell"
"1","358","-364","2021-04-16 03:14:38.260","1002","0","Sell"
"1","359","370","2021-04-16 03:14:38.408","0","158","Buy"
"1","360","371","2021-04-16 03:14:38.865","1001","48","Buy"
"1","361","372","2021-04-16 03:14:38.898","1003","34","Sell"
"1","362","373","2021-04-16 03:14:39.004","1003","13479","Sell"
"1","363","374","2021-04-16 03:14:39.015","1003","25","Sell"
"1","364","-368","2021-04-16 03:14:39.025","1002","0","Sell"
"1","365","-257","2021-04-16 03:14:39.306","998","0","Buy"
"1","366","377","2021-04-16 03:14:39.449","0","1530","Sell"
"1","367","378","2021-04-16 03:14:39.944","997","26","Buy"
"1","368","379","2021-04-16 03:14:41.121","0","54","Buy"
"1","369","-262","2021-04-16 03:14:41.143","1005","0","Sell"
"1","370","381","2021-04-16 03:14:41.858","996","29","Buy"
"1","371","382","2021-04-16 03:14:41.926","998","22","Buy"
"1","372","383","2021-04-16 03:14:41.928","999","33","Buy"
"1","373","384","2021-04-16 03:14:43.907","1003","31","Sell"
"1","374","-378","2021-04-16 03:14:44.398","997","0","Buy"
"1","375","386","2021-04-16 03:14:44.577","1000","1878","Buy"
"1","376","-312","2021-04-16 03:14:44.667","1002","0","Sell"
"1","377","-344","2021-04-16 03:14:44.903","1003","0","Sell"
"1","378","-316","2021-04-16 03:14:44.923","1002","0","Sell"
"1","379","-386","2021-04-16 03:14:45.169","1000","0","Buy"
"1","380","391","2021-04-16 03:14:46.250","1000","294","Buy"
"1","381","-391","2021-04-16 03:14:47.885","1000","0","Buy"
"1","382","-360","2021-04-16 03:14:47.977","1002","0","Sell"
"1","383","394","2021-04-16 03:14:48.256","998","31","Buy"
"1","384","-328","2021-04-16 03:14:49.002","1003","0","Sell"
"1","385","396","2021-04-16 03:14:49.760","998","1320","Buy"
"1","386","397","2021-04-16 03:14:51.174","1003","272","Sell"
"1","387","-353","2021-04-16 03:14:51.488","1002","0","Sell"
"1","388","399","2021-04-16 03:14:51.961","1000","22","Buy"
"1","389","-318","2021-04-16 03:14:52.244","1003","0","Sell"
"1","390","401","2021-04-16 03:14:52.346","1003","22","Sell"
"1","391","402","2021-04-16 03:14:52.797","1001","45","Sell"
"1","392","403","2021-04-16 03:14:53.353","999","135","Buy"
"1","393","-260","2021-04-16 03:14:53.884","1006","0","Sell"
"1","394","405","2021-04-16 03:14:54.558","1001","49","Sell"
"1","395","406","2021-04-16 03:14:54.560","1001","38","Sell"
"1","396","-396","2021-04-16 03:14:56.797","998","0","Buy"
"1","397","408","2021-04-16 03:14:57.478","1002","20","Sell"
"1","398","-383","2021-04-16 03:14:59.115","999","0","Buy"
"1","399","410","2021-04-16 03:14:59.198","999","31","Buy"
"1","400","411","2021-04-16 03:14:59.322","1001","47","Sell"
"1","401","-338","2021-04-16 03:15:02.207","1003","0","Sell"
"1","402","-399","2021-04-16 03:15:03.019","1000","0","Buy"
"1","403","414","2021-04-16 03:15:03.543","998","24","Buy"
"1","404","-402","2021-04-16 03:15:04.107","1001","0","Sell"
"1","405","416","2021-04-16 03:15:04.120","1002","168","Sell"
"1","406","417","2021-04-16 03:15:11.179","1002","107","Sell"
"1","407","-333","2021-04-16 03:15:11.898","1002","0","Sell"
"1","408","-411","2021-04-16 03:15:12.318","1001","0","Sell"
"1","409","420","2021-04-16 03:15:12.612","1000","25","Buy"
"1","410","421","2021-04-16 03:15:13.050","999","35","Buy"
"1","411","-420","2021-04-16 03:15:13.657","1000","0","Buy"
"1","412","-406","2021-04-16 03:15:14.110","1001","0","Sell"
"1","413","424","2021-04-16 03:15:14.566","0","77","Sell"
"1","414","-374","2021-04-16 03:15:15.191","1003","0","Sell"
"1","415","426","2021-04-16 03:15:15.518","1002","22","Sell"
"1","416","427","2021-04-16 03:15:17.239","1000","23","Sell"
"1","417","428","2021-04-16 03:15:19.337","999","29","Buy"
"1","418","429","2021-04-16 03:15:20.675","999","23","Buy"
"1","419","430","2021-04-16 03:15:21.482","999","35","Buy"
"1","420","-405","2021-04-16 03:15:27.058","1001","0","Sell"
"1","421","-428","2021-04-16 03:15:29.458","999","0","Buy"
"1","422","-429","2021-04-16 03:15:30.371","999","0","Buy"
"1","423","434","2021-04-16 03:15:32.051","0","55","Sell"
"1","424","435","2021-04-16 03:15:32.522","0","66","Buy"
"1","425","-426","2021-04-16 03:15:32.750","1002","0","Sell"
"1","426","-397","2021-04-16 03:15:33.101","1003","0","Sell"
"1","427","-384","2021-04-16 03:15:34.445","1003","0","Sell"
"1","428","439","2021-04-16 03:15:36.494","1000","41","Buy"
"1","429","440","2021-04-16 03:15:37.542","999","32","Buy"
"1","430","441","2021-04-16 03:15:40.195","1001","179","Sell"
"1","431","442","2021-04-16 03:15:40.526","1000","44","Buy"
"1","432","443","2021-04-16 03:16:00.032","1001","1121","Sell"
"1","433","-441","2021-04-16 03:16:01.017","1001","0","Sell"
"1","434","445","2021-04-16 03:16:05.065","0","102","Sell"
"1","435","-440","2021-04-16 03:16:05.283","999","0","Buy"
"1","436","-414","2021-04-16 03:16:06.125","998","0","Buy"
"1","437","448","2021-04-16 03:16:07.680","0","131","Sell"
"1","438","-416","2021-04-16 03:16:08.938","1002","0","Sell"
"1","439","450","2021-04-16 03:16:09.071","1002","61","Sell"
"1","440","451","2021-04-16 03:16:11.480","1002","47","Sell"
"1","441","452","2021-04-16 03:16:11.930","999","21","Buy"
"1","442","-394","2021-04-16 03:16:12.610","998","0","Buy"
"1","443","454","2021-04-16 03:16:13.302","1000","21","Buy"
"1","444","-443","2021-04-16 03:16:16.547","1001","0","Sell"
"1","445","456","2021-04-16 03:16:16.642","1003","121","Sell"
"1","446","457","2021-04-16 03:16:18.767","1001","75","Sell"
"1","447","-451","2021-04-16 03:16:20.016","1002","0","Sell"
"1","448","459","2021-04-16 03:16:20.755","999","38","Buy"
"1","449","460","2021-04-16 03:16:21.772","1000","26","Buy"
"1","450","461","2021-04-16 03:16:22.977","0","82","Sell"
"1","451","462","2021-04-16 03:16:24.427","1000","52","Sell"
"1","452","-462","2021-04-16 03:16:25.845","1000","0","Sell"
"1","453","464","2021-04-16 03:16:28.794","1000","101","Buy"
"1","454","-372","2021-04-16 03:16:29.059","1003","0","Sell"
"1","455","-381","2021-04-16 03:16:29.550","996","0","Buy"
"1","456","467","2021-04-16 03:16:30.427","1002","45","Sell"
"1","457","468","2021-04-16 03:16:30.552","0","5240","Buy"
"1","458","-456","2021-04-16 03:16:31.476","1003","0","Sell"
"1","459","470","2021-04-16 03:16:32.216","0","52","Buy"
"1","460","471","2021-04-16 03:16:34.179","1004","66","Sell"
"1","461","-464","2021-04-16 03:16:36.125","1000","0","Buy"
"1","462","473","2021-04-16 03:16:37.750","998","55","Buy"
"1","463","474","2021-04-16 03:16:38.418","1002","22","Sell"
"1","464","475","2021-04-16 03:16:40.903","998","39","Buy"
"1","465","-474","2021-04-16 03:16:41.444","1002","0","Sell"
"1","466","477","2021-04-16 03:16:41.502","1004","3975","Sell"
"1","467","478","2021-04-16 03:16:43.274","1004","126","Sell"
"1","468","479","2021-04-16 03:16:46.011","1002","29","Sell"
"1","469","480","2021-04-16 03:16:46.065","1001","41","Sell"
"1","470","481","2021-04-16 03:16:47.221","0","51","Buy"
"1","471","482","2021-04-16 03:16:48.465","1000","59","Buy"
"1","472","-373","2021-04-16 03:16:49.714","1003","0","Sell"
"1","473","484","2021-04-16 03:16:51.257","1001","36","Buy"
"1","474","485","2021-04-16 03:16:58.673","0","507","Buy"
"1","475","486","2021-04-16 03:17:20.740","1005","32","Sell"
"1","476","487","2021-04-16 03:17:23.169","0","55","Buy"
"1","477","-477","2021-04-16 03:17:30.801","1004","0","Sell"
"1","478","489","2021-04-16 03:17:32.213","1000","38","Buy"
"1","479","490","2021-04-16 03:17:32.550","1003","470","Sell"
"1","480","491","2021-04-16 03:17:32.570","0","159","Sell"
"1","481","492","2021-04-16 03:17:32.656","1002","86","Sell"
"1","482","-492","2021-04-16 03:17:37.979","1002","0","Sell"
"1","483","-475","2021-04-16 03:17:38.163","998","0","Buy"
"1","484","495","2021-04-16 03:17:39.902","997","34","Buy"
"1","485","496","2021-04-16 03:17:40.380","0","97","Sell"
"1","486","497","2021-04-16 03:17:45.412","997","43","Buy"
"1","487","-490","2021-04-16 03:17:45.737","1003","0","Sell"
"1","488","500","2021-04-16 03:17:52.247","998","299","Buy"
"1","489","501","2021-04-16 03:17:52.545","999","91","Buy"
"1","490","502","2021-04-16 03:17:53.270","1000","39","Buy"
"1","491","503","2021-04-16 03:17:53.775","1003","44","Sell"
"1","492","504","2021-04-16 03:17:53.841","0","76","Buy"
"1","493","505","2021-04-16 03:17:53.938","999","41","Buy"
"1","494","-502","2021-04-16 03:17:54.197","1000","0","Buy"
"1","495","507","2021-04-16 03:17:54.581","0","441","Sell"
"1","496","508","2021-04-16 03:17:54.582","996","84","Buy"
"1","497","509","2021-04-16 03:17:54.831","1003","26","Sell"
"1","498","-497","2021-04-16 03:17:55.317","997","0","Buy"
"1","499","511","2021-04-16 03:17:56.280","1002","23","Sell"
"1","500","512","2021-04-16 03:17:56.525","995","25","Buy"
"1","501","513","2021-04-16 03:17:57.785","995","169","Buy"
"1","502","-511","2021-04-16 03:17:58.950","1002","0","Sell"
"1","503","515","2021-04-16 03:17:59.377","0","66","Sell"
"1","504","-508","2021-04-16 03:17:59.699","996","0","Buy"
"1","505","517","2021-04-16 03:18:00.188","996","206","Buy"
"1","506","-517","2021-04-16 03:18:00.269","996","0","Buy"
"1","507","519","2021-04-16 03:18:00.584","1004","29","Sell"
"1","508","-509","2021-04-16 03:18:00.604","1003","0","Sell"
"1","509","522","2021-04-16 03:18:01.508","994","100","Buy"
"1","510","-513","2021-04-16 03:18:02.585","995","0","Buy"
"1","511","524","2021-04-16 03:18:02.892","0","346","Sell"
"1","512","526","2021-04-16 03:18:03.906","0","72","Buy"
"1","513","529","2021-04-16 03:18:06.499","1003","24","Sell"
"1","514","-519","2021-04-16 03:18:08.203","1004","0","Sell"
"1","515","-529","2021-04-16 03:18:08.883","1003","0","Sell"
"1","516","535","2021-04-16 03:18:10.234","997","22","Buy"
"1","517","536","2021-04-16 03:18:10.892","0","75","Sell"
"1","518","537","2021-04-16 03:18:12.526","1005","27","Sell"
"1","519","538","2021-04-16 03:18:12.934","1005","783","Sell"
"1","520","-538","2021-04-16 03:18:13.093","1005","0","Sell"
"1","521","540","2021-04-16 03:18:13.728","1005","23","Sell"
"1","522","542","2021-04-16 03:18:13.801","1003","24","Sell"
"1","523","544","2021-04-16 03:18:14.126","997","27","Buy"
"1","524","545","2021-04-16 03:18:14.276","998","31","Buy"
"1","525","546","2021-04-16 03:18:14.296","999","42","Buy"
"1","526","547","2021-04-16 03:18:15.037","1004","28","Sell"
"1","527","-537","2021-04-16 03:18:15.530","1005","0","Sell"
"1","528","-542","2021-04-16 03:18:17.410","1003","0","Sell"
"1","529","-544","2021-04-16 03:18:17.952","997","0","Buy"
"1","530","551","2021-04-16 03:18:18.025","998","49","Buy"
"1","531","552","2021-04-16 03:18:18.558","0","130","Buy"
"1","532","553","2021-04-16 03:18:19.342","0","372","Sell"
"1","533","554","2021-04-16 03:18:20.727","997","56","Buy"
"1","534","555","2021-04-16 03:18:21.868","998","47","Sell"
"1","535","556","2021-04-16 03:18:22.794","999","24","Sell"
"1","536","557","2021-04-16 03:18:22.891","998","51","Sell"
"1","537","558","2021-04-16 03:18:24.070","996","48","Buy"
"1","538","559","2021-04-16 03:18:24.091","0","969","Sell"
"1","539","561","2021-04-16 03:18:25.289","997","35","Sell"
"1","540","562","2021-04-16 03:18:26.037","0","64","Buy"
"1","541","563","2021-04-16 03:18:26.307","996","25","Buy"
"1","542","-556","2021-04-16 03:18:26.651","999","0","Sell"
"1","543","-555","2021-04-16 03:18:26.704","998","0","Sell"
"1","544","566","2021-04-16 03:18:27.464","0","50","Sell"
"1","545","567","2021-04-16 03:18:27.625","996","88","Buy"
"1","546","568","2021-04-16 03:18:27.758","0","70","Sell"
"1","547","569","2021-04-16 03:18:27.824","0","72","Sell"
"1","548","571","2021-04-16 03:18:28.713","0","289","Buy"
"1","549","572","2021-04-16 03:18:29.195","994","2019","Buy"
"1","550","573","2021-04-16 03:18:29.410","0","57","Sell"
"1","551","576","2021-04-16 03:18:29.806","1001","43","Sell"
"1","552","578","2021-04-16 03:18:31.031","995","61","Buy"
"1","553","580","2021-04-16 03:18:33.128","996","134","Buy"
"1","554","581","2021-04-16 03:18:33.205","0","57","Buy"
"1","555","-580","2021-04-16 03:18:33.271","996","0","Buy"
"1","556","584","2021-04-16 03:18:34.283","999","24","Sell"
"1","557","585","2021-04-16 03:18:34.470","994","63","Buy"
"1","558","586","2021-04-16 03:18:34.560","998","26","Sell"
"1","559","587","2021-04-16 03:18:34.585","996","110","Buy"
"1","560","-587","2021-04-16 03:18:35.426","996","0","Buy"
"1","561","589","2021-04-16 03:18:36.326","999","361","Sell"
"1","562","-589","2021-04-16 03:18:38.094","999","0","Sell"
"1","563","591","2021-04-16 03:18:38.536","994","23","Buy"
"1","564","592","2021-04-16 03:18:38.616","994","69","Buy"
"1","565","593","2021-04-16 03:18:39.300","997","28","Sell"
"1","566","594","2021-04-16 03:18:39.678","998","135","Sell"
"1","567","-592","2021-04-16 03:18:40.152","994","0","Buy"
"1","568","596","2021-04-16 03:18:42.713","996","49","Sell"
"1","569","597","2021-04-16 03:18:43.555","996","136","Sell"
"1","570","-578","2021-04-16 03:18:44.024","995","0","Buy"
"1","571","-597","2021-04-16 03:18:46.449","996","0","Sell"
"1","572","600","2021-04-16 03:18:47.089","0","59","Sell"
"1","573","601","2021-04-16 03:18:48.415","997","287","Sell"
"1","574","602","2021-04-16 03:18:52.104","995","50","Buy"
"1","575","603","2021-04-16 03:18:53.127","994","1289","Buy"
"1","576","-585","2021-04-16 03:18:53.713","994","0","Buy"
"1","577","-602","2021-04-16 03:18:56.680","995","0","Buy"
"1","578","-596","2021-04-16 03:18:56.953","996","0","Sell"
"1","579","-572","2021-04-16 03:18:59.685","994","0","Buy"
"1","580","-591","2021-04-16 03:19:00.598","994","0","Buy"
"1","581","-594","2021-04-16 03:19:00.695","998","0","Sell"
"1","582","610","2021-04-16 03:19:02.222","993","54","Buy"
"1","583","611","2021-04-16 03:19:02.814","996","21","Sell"
"1","584","612","2021-04-16 03:19:05.915","993","25","Buy"
"1","585","613","2021-04-16 03:19:06.135","995","21","Sell"
"1","586","614","2021-04-16 03:19:13.717","994","366","Buy"
"1","587","615","2021-04-16 03:19:36.390","0","165","Sell"
"1","588","616","2021-04-16 03:19:49.391","994","61","Buy"
"1","589","617","2021-04-16 03:19:52.875","996","22","Sell"
"1","590","618","2021-04-16 03:19:53.989","994","45","Buy"
"1","591","-613","2021-04-16 03:20:02.454","995","0","Sell"
"1","592","620","2021-04-16 03:20:03.845","995","70","Buy"
"1","593","621","2021-04-16 03:20:04.878","994","42","Buy"
"1","594","-620","2021-04-16 03:20:09.492","995","0","Buy"
"1","595","-611","2021-04-16 03:20:09.748","996","0","Sell"
"1","596","624","2021-04-16 03:20:09.985","995","24","Sell"
"1","597","625","2021-04-16 03:20:10.550","993","36","Buy"
"1","598","-617","2021-04-16 03:20:10.562","996","0","Sell"
"1","599","627","2021-04-16 03:20:10.770","993","21","Buy"
"1","600","628","2021-04-16 03:20:11.058","994","21","Buy"
"1","601","629","2021-04-16 03:20:11.364","0","92","Buy"
"1","602","630","2021-04-16 03:20:16.026","993","54","Buy"
"1","603","-627","2021-04-16 03:20:16.490","993","0","Buy"
"1","604","-601","2021-04-16 03:20:18.166","997","0","Sell"
"1","605","633","2021-04-16 03:20:19.702","993","129","Buy"
"1","606","-625","2021-04-16 03:20:23.822","993","0","Buy"
"1","607","635","2021-04-16 03:20:23.861","999","220","Sell"
"1","608","636","2021-04-16 03:20:25.210","0","82","Buy"
"1","609","637","2021-04-16 03:20:26.080","0","60","Sell"
"1","610","639","2021-04-16 03:20:28.371","1000","51","Sell"
"1","611","-612","2021-04-16 03:20:28.774","993","0","Buy"
"1","612","641","2021-04-16 03:20:29.076","0","98","Buy"
"1","613","642","2021-04-16 03:20:29.163","993","67","Buy"
"1","614","-639","2021-04-16 03:20:29.243","1000","0","Sell"
"1","615","644","2021-04-16 03:20:29.883","998","78","Sell"
"1","616","-642","2021-04-16 03:20:31.814","993","0","Buy"
"1","617","646","2021-04-16 03:20:31.836","997","228","Sell"
"1","618","647","2021-04-16 03:20:32.696","0","77","Sell"
"1","619","-644","2021-04-16 03:20:33.544","998","0","Sell"
"1","620","-646","2021-04-16 03:20:34.151","997","0","Sell"
"1","621","650","2021-04-16 03:20:35.643","993","65","Buy"
"1","622","651","2021-04-16 03:20:35.699","998","69","Sell"
"1","623","652","2021-04-16 03:20:37.046","995","23","Buy"
"1","624","653","2021-04-16 03:20:38.917","996","55","Buy"
"1","625","654","2021-04-16 03:20:41.973","997","128","Sell"
"1","626","-653","2021-04-16 03:20:42.166","996","0","Buy"
"1","627","656","2021-04-16 03:20:43.377","996","20","Sell"
"1","628","-616","2021-04-16 03:20:44.092","994","0","Buy"
"1","629","-628","2021-04-16 03:20:44.665","994","0","Buy"
"1","630","659","2021-04-16 03:20:44.705","0","51","Buy"
"1","631","-618","2021-04-16 03:20:47.643","994","0","Buy"
"1","632","-635","2021-04-16 03:20:53.204","999","0","Sell"
"1","633","662","2021-04-16 03:20:53.317","998","75","Sell"
"1","634","663","2021-04-16 03:20:53.822","996","21","Buy"
"1","635","664","2021-04-16 03:20:54.597","998","25","Sell"
"1","636","665","2021-04-16 03:20:54.767","995","23","Buy"
"1","637","-663","2021-04-16 03:20:54.918","996","0","Buy"
"1","638","-650","2021-04-16 03:20:55.705","993","0","Buy"
"1","639","668","2021-04-16 03:20:57.011","0","355","Buy"
"1","640","669","2021-04-16 03:21:00.796","996","271","Buy"
"1","641","-669","2021-04-16 03:21:09.474","996","0","Buy"
"1","642","673","2021-04-16 03:21:09.697","994","62","Buy"
"1","643","674","2021-04-16 03:21:10.653","994","30","Buy"
"1","644","676","2021-04-16 03:21:11.354","0","93","Sell"
"1","645","677","2021-04-16 03:21:18.626","993","40","Buy"
"1","646","678","2021-04-16 03:21:19.471","995","24","Buy"
"1","647","-678","2021-04-16 03:21:20.307","995","0","Buy"
"1","648","680","2021-04-16 03:21:20.605","1004","255","Sell"
"1","649","-680","2021-04-16 03:21:21.100","1004","0","Sell"
"1","650","683","2021-04-16 03:21:23.258","999","43","Sell"
"1","651","-683","2021-04-16 03:21:25.280","999","0","Sell"
"1","652","685","2021-04-16 03:21:26.709","993","127","Buy"
"1","653","686","2021-04-16 03:21:27.798","1003","81","Sell"
"1","654","688","2021-04-16 03:21:28.854","995","24","Buy"
"1","655","689","2021-04-16 03:21:29.059","1002","33","Sell"
"1","656","690","2021-04-16 03:21:29.745","1001","83","Sell"
"1","657","691","2021-04-16 03:21:30.183","996","54","Buy"
"1","658","-690","2021-04-16 03:21:30.302","1001","0","Sell"
"1","659","693","2021-04-16 03:21:30.574","0","63","Buy"
"1","660","694","2021-04-16 03:21:30.871","1004","20","Sell"
"1","661","-691","2021-04-16 03:21:33.691","996","0","Buy"
"1","662","696","2021-04-16 03:21:34.011","994","6584","Buy"
"1","663","697","2021-04-16 03:21:34.093","994","76","Buy"
"1","664","698","2021-04-16 03:21:34.543","0","614","Buy"
"1","665","699","2021-04-16 03:21:34.912","1004","20","Sell"
"1","666","-685","2021-04-16 03:21:34.945","993","0","Buy"
"1","667","701","2021-04-16 03:21:35.220","1005","51","Sell"
"1","668","-688","2021-04-16 03:21:36.812","995","0","Buy"
"1","669","-697","2021-04-16 03:21:36.838","994","0","Buy"
"1","670","-699","2021-04-16 03:21:37.821","1004","0","Sell"
"1","671","705","2021-04-16 03:21:37.911","0","169","Buy"
"1","672","707","2021-04-16 03:21:40.181","998","23","Sell"
"1","673","-630","2021-04-16 03:21:42.362","993","0","Buy"
"1","674","709","2021-04-16 03:21:42.395","997","413","Sell"
"1","675","710","2021-04-16 03:21:42.866","0","1801","Sell"
"1","676","711","2021-04-16 03:21:42.886","998","82","Sell"
"1","677","712","2021-04-16 03:21:43.806","995","36","Buy"
"1","678","713","2021-04-16 03:21:45.043","0","51","Buy"
"1","679","714","2021-04-16 03:21:45.294","0","442","Buy"
"1","680","-712","2021-04-16 03:21:45.614","995","0","Buy"
"1","681","716","2021-04-16 03:21:45.974","999","39","Sell"
"1","682","-716","2021-04-16 03:21:46.070","999","0","Sell"
"1","683","718","2021-04-16 03:21:46.832","999","22","Sell"
"1","684","719","2021-04-16 03:21:46.841","999","27","Sell"
"1","685","-633","2021-04-16 03:21:47.055","993","0","Buy"
"1","686","-718","2021-04-16 03:21:47.534","999","0","Sell"
"1","687","722","2021-04-16 03:21:48.027","993","38","Buy"
"1","688","723","2021-04-16 03:21:48.209","0","219","Sell"
"1","689","-719","2021-04-16 03:21:48.367","999","0","Sell"
"1","690","-722","2021-04-16 03:21:48.504","993","0","Buy"
"1","691","726","2021-04-16 03:21:48.647","999","38","Sell"
"1","692","727","2021-04-16 03:21:48.770","995","48","Buy"
"1","693","728","2021-04-16 03:21:49.435","994","521","Buy"
"1","694","-711","2021-04-16 03:21:49.634","998","0","Sell"
"1","695","730","2021-04-16 03:21:50.135","0","52","Sell"
"1","696","-728","2021-04-16 03:21:50.296","994","0","Buy"
"1","697","732","2021-04-16 03:21:50.691","0","388","Sell"
"1","698","733","2021-04-16 03:21:51.280","1000","24","Sell"
"1","699","734","2021-04-16 03:21:51.281","993","81","Buy"
"1","700","-677","2021-04-16 03:21:51.582","993","0","Buy"
"1","701","-726","2021-04-16 03:21:51.984","999","0","Sell"
"1","702","737","2021-04-16 03:21:52.058","0","133","Buy"
"1","703","739","2021-04-16 03:21:53.448","997","25","Sell"
"1","704","740","2021-04-16 03:21:53.631","995","72","Buy"
"1","705","741","2021-04-16 03:21:54.304","996","31","Buy"
"1","706","742","2021-04-16 03:21:56.422","995","39","Buy"
"1","707","743","2021-04-16 03:21:56.965","995","22","Buy"
"1","708","744","2021-04-16 03:21:57.066","996","35","Buy"
"1","709","745","2021-04-16 03:21:57.912","997","314","Sell"
"1","710","-739","2021-04-16 03:21:57.953","997","0","Sell"
"1","711","747","2021-04-16 03:21:59.254","0","128","Sell"
"1","712","-745","2021-04-16 03:22:01.040","997","0","Sell"
"1","713","750","2021-04-16 03:22:04.154","994","32","Buy"
"1","714","752","2021-04-16 03:22:06.561","1001","663","Sell"
"1","715","-750","2021-04-16 03:22:09.710","994","0","Buy"
"1","716","754","2021-04-16 03:22:10.148","1000","138","Sell"
"1","717","-752","2021-04-16 03:22:10.472","1001","0","Sell"
"1","718","757","2021-04-16 03:22:11.292","996","25","Buy"
"1","719","758","2021-04-16 03:22:11.892","0","1815","Buy"
"1","720","-734","2021-04-16 03:22:14.963","993","0","Buy"
"1","721","760","2021-04-16 03:22:16.779","995","54","Buy"
"1","722","761","2021-04-16 03:22:17.600","999","47","Sell"
"1","723","762","2021-04-16 03:22:17.872","0","173","Sell"
"1","724","763","2021-04-16 03:22:18.706","0","133","Sell"
"1","725","764","2021-04-16 03:22:20.333","993","73","Buy"
"1","726","765","2021-04-16 03:22:20.375","1000","160","Sell"
"1","727","766","2021-04-16 03:22:22.480","998","98","Sell"
"1","728","-764","2021-04-16 03:22:22.801","993","0","Buy"
"1","729","768","2021-04-16 03:22:23.041","997","24","Sell"
"1","730","769","2021-04-16 03:22:23.724","0","4328","Sell"
"1","731","-768","2021-04-16 03:22:23.909","997","0","Sell"
"1","732","771","2021-04-16 03:22:24.670","999","812","Sell"
"1","733","772","2021-04-16 03:22:25.062","997","29","Sell"
"1","734","-772","2021-04-16 03:22:26.405","997","0","Sell"
"1","735","774","2021-04-16 03:22:26.955","997","22","Sell"
"1","736","-696","2021-04-16 03:22:27.635","994","0","Buy"
"1","737","776","2021-04-16 03:22:27.904","994","48","Buy"
"1","738","777","2021-04-16 03:22:28.305","998","27","Sell"
"1","739","778","2021-04-16 03:22:29.206","0","148","Buy"
"1","740","779","2021-04-16 03:22:30.685","1000","27","Sell"
"1","741","780","2021-04-16 03:22:30.899","0","71","Sell"
"1","742","782","2021-04-16 03:23:13.735","998","183","Sell"
"1","743","-610","2021-04-16 03:23:22.193","993","0","Buy"
"1","744","-771","2021-04-16 03:23:28.920","999","0","Sell"
"1","745","785","2021-04-16 03:23:29.221","997","531","Sell"
"1","746","786","2021-04-16 03:23:29.319","988","48","Buy"
"1","747","787","2021-04-16 03:23:33.772","0","200","Sell"
"1","748","788","2021-04-16 03:23:36.225","998","264","Sell"
"1","749","-779","2021-04-16 03:23:38.021","1000","0","Sell"
"1","750","790","2021-04-16 03:23:38.178","998","90","Sell"
"1","751","-785","2021-04-16 03:23:38.999","997","0","Sell"
"1","752","792","2021-04-16 03:23:39.303","0","133","Buy"
"1","753","-788","2021-04-16 03:23:39.399","998","0","Sell"
"1","754","794","2021-04-16 03:23:40.992","999","26","Sell"
"1","755","-782","2021-04-16 03:23:44.261","998","0","Sell"
"1","756","798","2021-04-16 03:23:57.322","997","60","Sell"
"1","757","-798","2021-04-16 03:23:58.633","997","0","Sell"
"1","758","800","2021-04-16 03:24:00.033","0","70","Buy"
"1","759","-794","2021-04-16 03:24:10.357","999","0","Sell"
"1","760","806","2021-04-16 03:24:17.260","994","54","Buy"
"1","761","807","2021-04-16 03:24:21.244","997","92","Sell"
"1","762","808","2021-04-16 03:24:21.629","995","33","Buy"
"1","763","-808","2021-04-16 03:24:22.032","995","0","Buy"
"1","764","810","2021-04-16 03:24:24.584","993","22","Buy"
"1","765","-807","2021-04-16 03:24:31.623","997","0","Sell"
"1","766","812","2021-04-16 03:24:31.632","997","62","Sell"
"1","767","813","2021-04-16 03:24:32.953","993","1365","Buy"
"1","768","814","2021-04-16 03:24:33.630","996","28","Sell"
"1","769","815","2021-04-16 03:24:33.920","993","20","Buy"
"1","770","-814","2021-04-16 03:24:35.279","996","0","Sell"
"1","771","817","2021-04-16 03:24:36.315","996","35","Sell"
"1","772","-812","2021-04-16 03:24:36.740","997","0","Sell"
"1","773","-806","2021-04-16 03:24:36.906","994","0","Buy"
"1","774","820","2021-04-16 03:24:38.082","0","122","Buy"
"1","775","-815","2021-04-16 03:24:40.491","993","0","Buy"
"1","776","824","2021-04-16 03:24:44.404","994","91","Buy"
"1","777","826","2021-04-16 03:24:46.467","0","124","Sell"
"1","778","827","2021-04-16 03:24:49.529","1001","53","Sell"
"1","779","828","2021-04-16 03:24:51.035","1001","27","Sell"
"1","780","829","2021-04-16 03:24:51.235","1001","31","Sell"
"1","781","-813","2021-04-16 03:24:51.477","993","0","Buy"
"1","782","831","2021-04-16 03:24:52.419","1001","82","Sell"
"1","783","833","2021-04-16 03:24:53.154","999","29","Sell"
"1","784","834","2021-04-16 03:24:55.633","0","788","Buy"
"1","785","837","2021-04-16 03:24:56.435","996","33","Buy"
"1","786","838","2021-04-16 03:24:56.853","1005","34","Sell"
"1","787","839","2021-04-16 03:24:56.956","1004","175","Sell"
"1","788","-837","2021-04-16 03:24:57.015","996","0","Buy"
"1","789","842","2021-04-16 03:24:58.545","997","25","Buy"
"1","790","843","2021-04-16 03:24:58.930","1003","89","Sell"
"1","791","-839","2021-04-16 03:25:00.643","1004","0","Sell"
"1","792","845","2021-04-16 03:25:01.503","996","61","Buy"
"1","793","-842","2021-04-16 03:25:02.044","997","0","Buy"
"1","794","847","2021-04-16 03:25:04.440","1004","25","Sell"
"1","795","-845","2021-04-16 03:25:05.853","996","0","Buy"
"1","796","-847","2021-04-16 03:25:07.354","1004","0","Sell"
"1","797","-838","2021-04-16 03:25:09.593","1005","0","Sell"
"1","798","854","2021-04-16 03:25:11.390","1002","48","Buy"
"1","799","855","2021-04-16 03:25:12.055","1002","38","Buy"
"1","800","856","2021-04-16 03:25:12.794","1001","33","Buy"
"1","801","858","2021-04-16 03:25:19.624","1003","43","Sell"
"1","802","859","2021-04-16 03:25:19.918","1003","27","Sell"
"1","803","860","2021-04-16 03:25:20.355","1003","247","Sell"
"1","804","861","2021-04-16 03:25:21.930","1002","49","Buy"
"1","805","862","2021-04-16 03:25:22.096","1001","22","Buy"
"1","806","863","2021-04-16 03:25:22.909","1004","23","Sell"
"1","807","-843","2021-04-16 03:25:23.436","1003","0","Sell"
"1","808","865","2021-04-16 03:25:24.142","0","56","Sell"
"1","809","866","2021-04-16 03:25:25.354","0","62","Sell"
"1","810","867","2021-04-16 03:25:26.103","0","65","Sell"
"1","811","868","2021-04-16 03:25:26.717","1002","89","Buy"
"1","812","-859","2021-04-16 03:25:45.619","1003","0","Sell"
"1","813","870","2021-04-16 03:25:46.025","0","54","Sell"
"1","814","871","2021-04-16 03:25:46.887","1003","48","Sell"
"1","815","-868","2021-04-16 03:25:50.163","1002","0","Buy"
"1","816","-863","2021-04-16 03:25:50.575","1004","0","Sell"
"1","817","874","2021-04-16 03:25:51.892","1004","51","Sell"
"1","818","877","2021-04-16 03:25:54.811","1002","63","Sell"
"1","819","878","2021-04-16 03:25:55.258","1002","40","Sell"
"1","820","879","2021-04-16 03:25:55.603","1002","67","Sell"
"1","821","880","2021-04-16 03:25:55.789","0","933","Buy"
"1","822","882","2021-04-16 03:25:56.568","1007","567","Sell"
"1","823","883","2021-04-16 03:25:58.824","1002","32","Buy"
"1","824","884","2021-04-16 03:25:59.725","0","66","Sell"
"1","825","-882","2021-04-16 03:26:00.358","1007","0","Sell"
"1","826","887","2021-04-16 03:26:01.067","1005","618","Sell"
"1","827","889","2021-04-16 03:26:06.356","1004","40","Sell"
"1","828","-887","2021-04-16 03:26:07.037","1005","0","Sell"
"1","829","892","2021-04-16 03:26:07.271","1003","53","Buy"
"1","830","893","2021-04-16 03:26:08.835","1005","43","Sell"
"1","831","894","2021-04-16 03:26:08.990","1005","66","Sell"
"1","832","896","2021-04-16 03:26:10.050","1004","73","Sell"
"1","833","-896","2021-04-16 03:26:10.739","1004","0","Sell"
"1","834","898","2021-04-16 03:26:11.277","1003","29","Buy"
"1","835","-889","2021-04-16 03:26:11.368","1004","0","Sell"
"1","836","900","2021-04-16 03:26:12.290","1006","25","Sell"
"1","837","901","2021-04-16 03:26:13.562","1006","48","Sell"
"1","838","902","2021-04-16 03:26:13.628","1006","23","Sell"
"1","839","903","2021-04-16 03:26:14.657","0","194","Buy"
"1","840","905","2021-04-16 03:26:23.704","1007","136","Sell"
"1","841","-902","2021-04-16 03:26:26.445","1006","0","Sell"
"1","842","-905","2021-04-16 03:26:27.204","1007","0","Sell"
"1","843","908","2021-04-16 03:26:29.383","1004","25","Buy"
"1","844","909","2021-04-16 03:26:29.953","1003","1491","Buy"
"1","845","910","2021-04-16 03:26:30.188","1007","39","Sell"
"1","846","-908","2021-04-16 03:26:30.941","1004","0","Buy"
"1","847","912","2021-04-16 03:26:31.496","1006","74","Sell"
"1","848","913","2021-04-16 03:26:33.332","1002","39","Buy"
"1","849","-898","2021-04-16 03:26:37.014","1003","0","Buy"
"1","850","-892","2021-04-16 03:26:37.733","1003","0","Buy"
"1","851","916","2021-04-16 03:26:39.258","1007","22","Sell"
"1","852","917","2021-04-16 03:26:42.574","1007","30","Sell"
"1","853","918","2021-04-16 03:26:42.829","1005","92","Sell"
"1","854","919","2021-04-16 03:26:50.736","1002","25","Buy"
"1","855","920","2021-04-16 03:26:50.790","0","76","Buy"
"1","856","921","2021-04-16 03:26:51.877","1004","64","Buy"
"1","857","-912","2021-04-16 03:26:53.648","1006","0","Sell"
"1","858","923","2021-04-16 03:26:55.004","1003","6550","Buy"
"1","859","-916","2021-04-16 03:27:01.625","1007","0","Sell"
"1","860","-923","2021-04-16 03:27:08.037","1003","0","Buy"
"1","861","-917","2021-04-16 03:27:08.118","1007","0","Sell"
"1","862","927","2021-04-16 03:27:10.558","1006","60","Sell"
"1","863","-913","2021-04-16 03:27:11.326","1002","0","Buy"
"1","864","929","2021-04-16 03:27:13.914","1003","33","Buy"
"1","865","930","2021-04-16 03:27:17.711","0","160","Buy"
"1","866","-921","2021-04-16 03:27:22.207","1004","0","Buy"
"1","867","932","2021-04-16 03:27:24.255","1002","27","Buy"
"1","868","933","2021-04-16 03:27:24.471","1002","25","Buy"
"1","869","937","2021-04-16 03:27:27.375","1004","25","Sell"
"1","870","938","2021-04-16 03:27:28.012","1004","22","Sell"
"1","871","-937","2021-04-16 03:27:28.051","1004","0","Sell"
"1","872","941","2021-04-16 03:27:28.817","1005","20","Sell"
"1","873","-941","2021-04-16 03:27:28.882","1005","0","Sell"
"1","874","943","2021-04-16 03:27:29.294","0","128","Sell"
"1","875","-929","2021-04-16 03:27:29.316","1003","0","Buy"
"1","876","945","2021-04-16 03:27:29.616","1002","72","Buy"
"1","877","-933","2021-04-16 03:27:29.694","1002","0","Buy"
"1","878","-909","2021-04-16 03:27:29.930","1003","0","Buy"
"1","879","950","2021-04-16 03:27:32.978","0","85","Buy"
"1","880","-919","2021-04-16 03:27:33.212","1002","0","Buy"
"1","881","952","2021-04-16 03:27:34.017","1003","138","Buy"
"1","882","-952","2021-04-16 03:27:34.023","1003","0","Buy"
"1","883","954","2021-04-16 03:27:34.317","1012","25","Sell"
"1","884","957","2021-04-16 03:27:34.719","1003","56","Buy"
"1","885","-957","2021-04-16 03:27:35.088","1003","0","Buy"
"1","886","959","2021-04-16 03:27:35.145","0","54","Buy"
"1","887","960","2021-04-16 03:27:36.024","1004","36","Sell"
"1","888","-945","2021-04-16 03:27:36.268","1002","0","Buy"
"1","889","963","2021-04-16 03:27:36.819","1003","40","Sell"
"1","890","964","2021-04-16 03:27:38.097","1002","23","Buy"
"1","891","-964","2021-04-16 03:27:38.632","1002","0","Buy"
"1","892","966","2021-04-16 03:27:39.094","1003","54","Sell"
"1","893","967","2021-04-16 03:27:40.455","1001","33","Buy"
"1","894","968","2021-04-16 03:27:40.854","1004","21","Sell"
"1","895","969","2021-04-16 03:27:40.931","0","1168","Sell"
"1","896","972","2021-04-16 03:27:41.385","1004","47","Sell"
"1","897","973","2021-04-16 03:27:41.477","999","24","Buy"
"1","898","974","2021-04-16 03:27:41.611","1004","142","Sell"
"1","899","-973","2021-04-16 03:27:42.811","999","0","Buy"
"1","900","-963","2021-04-16 03:27:44.526","1003","0","Sell"
"1","901","978","2021-04-16 03:27:44.722","1004","69","Sell"
"1","902","-974","2021-04-16 03:27:45.190","1004","0","Sell"
"1","903","980","2021-04-16 03:27:45.432","993","157","Buy"
"1","904","982","2021-04-16 03:27:45.925","992","48","Buy"
"1","905","-968","2021-04-16 03:27:46.323","1004","0","Sell"
"1","906","984","2021-04-16 03:27:47.372","0","164","Buy"
"1","907","-982","2021-04-16 03:27:47.814","992","0","Buy"
"1","908","-980","2021-04-16 03:27:47.866","993","0","Buy"
"1","909","987","2021-04-16 03:27:48.136","1002","29","Buy"
"1","910","988","2021-04-16 03:27:48.186","0","2414","Buy"
"1","911","989","2021-04-16 03:27:48.335","1001","116","Buy"
"1","912","990","2021-04-16 03:27:49.548","1007","34","Sell"
"1","913","991","2021-04-16 03:27:49.660","1003","61","Buy"
"1","914","-989","2021-04-16 03:27:51.295","1001","0","Buy"
"1","915","993","2021-04-16 03:27:51.358","1006","55","Sell"
"1","916","-993","2021-04-16 03:27:52.102","1006","0","Sell"
"1","917","-990","2021-04-16 03:27:52.156","1007","0","Sell"
"1","918","996","2021-04-16 03:27:52.517","0","74","Sell"
"1","919","-987","2021-04-16 03:27:52.949","1002","0","Buy"
"1","920","1000","2021-04-16 03:27:54.158","1009","43","Sell"
"1","921","1001","2021-04-16 03:27:54.467","0","174","Buy"
"1","922","1002","2021-04-16 03:27:55.621","1012","24","Sell"
"1","923","1004","2021-04-16 03:27:56.575","1011","83","Sell"
"1","924","1005","2021-04-16 03:27:57.319","1012","62","Sell"
"1","925","1006","2021-04-16 03:27:58.211","1001","38","Buy"
"1","926","-1004","2021-04-16 03:27:58.324","1011","0","Sell"
"1","927","1009","2021-04-16 03:27:59.328","0","92","Sell"
"1","928","1011","2021-04-16 03:28:00.171","1013","21","Sell"
"1","929","-1011","2021-04-16 03:28:00.684","1013","0","Sell"
"1","930","1013","2021-04-16 03:28:02.755","1011","37","Sell"
"1","931","1014","2021-04-16 03:28:02.923","1012","27","Sell"
"1","932","1015","2021-04-16 03:28:03.765","1002","38","Buy"
"1","933","1016","2021-04-16 03:28:04.717","1003","35","Buy"
"1","934","1017","2021-04-16 03:28:04.812","0","101","Buy"
"1","935","1018","2021-04-16 03:28:04.846","1002","41","Buy"
"1","936","1019","2021-04-16 03:28:06.845","1004","66","Buy"
"1","937","1020","2021-04-16 03:28:09.317","1003","32","Buy"
"1","938","1021","2021-04-16 03:28:12.985","1013","40","Sell"
"1","939","1022","2021-04-16 03:28:13.136","1011","186","Sell"
"1","940","1023","2021-04-16 03:28:16.102","1005","22","Buy"
"1","941","1024","2021-04-16 03:28:27.070","1010","35","Sell"
"1","942","-1024","2021-04-16 03:28:32.461","1010","0","Sell"
"1","943","-1005","2021-04-16 03:28:36.111","1012","0","Sell"
"1","944","-1021","2021-04-16 03:28:36.280","1013","0","Sell"
"1","945","1028","2021-04-16 03:28:37.149","0","61","Sell"
"1","946","1029","2021-04-16 03:28:39.081","1012","24","Sell"
"1","947","-1019","2021-04-16 03:28:40.113","1004","0","Buy"
"1","948","1031","2021-04-16 03:28:40.219","1004","542","Buy"
"1","949","1032","2021-04-16 03:28:40.710","1010","64","Sell"
"1","950","1033","2021-04-16 03:28:40.717","0","462","Buy"
"1","951","-1031","2021-04-16 03:28:45.415","1004","0","Buy"
"1","952","-1015","2021-04-16 03:28:48.776","1002","0","Buy"
"1","953","1040","2021-04-16 03:28:51.946","1004","58","Buy"
"1","954","1041","2021-04-16 03:28:53.224","1003","35","Buy"
"1","955","1042","2021-04-16 03:28:53.691","1003","21","Buy"
"1","956","-1016","2021-04-16 03:28:56.912","1003","0","Buy"
"1","957","1044","2021-04-16 03:28:59.736","1003","25","Buy"
"1","958","1045","2021-04-16 03:29:09.610","0","443","Sell"
"1","959","1047","2021-04-16 03:29:12.836","1008","27","Sell"
"1","960","1048","2021-04-16 03:29:16.395","1007","96","Sell"
"1","961","-1048","2021-04-16 03:29:16.854","1007","0","Sell"
"1","962","1052","2021-04-16 03:29:26.111","999","25","Buy"
"1","963","-1047","2021-04-16 03:29:26.131","1008","0","Sell"
"1","964","1055","2021-04-16 03:29:28.236","1004","23","Sell"
"1","965","1056","2021-04-16 03:29:28.672","1000","149","Buy"
"1","966","1057","2021-04-16 03:29:29.267","1001","24","Buy"
"1","967","1058","2021-04-16 03:29:30.140","1005","145","Sell"
"1","968","1059","2021-04-16 03:29:30.213","1002","219","Buy"
"1","969","1060","2021-04-16 03:29:32.331","1005","63","Sell"
"1","970","1061","2021-04-16 03:29:32.900","0","98","Buy"
"1","971","1063","2021-04-16 03:29:34.381","1003","38","Buy"
"1","972","1064","2021-04-16 03:29:39.863","1002","25","Buy"
"1","973","1065","2021-04-16 03:29:41.160","1002","22","Buy"
"1","974","1066","2021-04-16 03:29:46.032","0","61","Buy"
"1","975","-1063","2021-04-16 03:29:49.796","1003","0","Buy"
"1","976","1068","2021-04-16 03:29:50.042","0","78","Sell"
"1","977","1069","2021-04-16 03:29:50.294","1006","62","Sell"
"1","978","1070","2021-04-16 03:29:51.231","1004","30","Sell"
"1","979","-1064","2021-04-16 03:29:51.327","1002","0","Buy"
"1","980","-1059","2021-04-16 03:29:53.860","1002","0","Buy"
"1","981","1073","2021-04-16 03:29:53.913","1005","22","Sell"
"1","982","-1070","2021-04-16 03:29:54.633","1004","0","Sell"
"1","983","1075","2021-04-16 03:29:55.086","1006","35","Sell"
"1","984","1076","2021-04-16 03:29:59.693","1001","43","Buy"
"1","985","1077","2021-04-16 03:29:59.980","1006","58","Sell"
"1","986","1078","2021-04-16 03:30:00.260","1003","43","Buy"
"1","987","1079","2021-04-16 03:30:01.102","1002","43","Buy"
"1","988","-1057","2021-04-16 03:30:05.150","1001","0","Buy"
"1","989","1081","2021-04-16 03:30:05.886","1002","876","Buy"
"1","990","1082","2021-04-16 03:30:08.316","0","79","Sell"
"1","991","1083","2021-04-16 03:30:09.632","1003","22","Buy"
"1","992","-1081","2021-04-16 03:30:10.032","1002","0","Buy"
"1","993","-1069","2021-04-16 03:30:10.279","1006","0","Sell"
"1","994","1086","2021-04-16 03:30:12.814","1004","234","Buy"
"1","995","1087","2021-04-16 03:30:14.160","1004","22","Buy"
"1","996","-1086","2021-04-16 03:30:15.519","1004","0","Buy"
"1","997","1089","2021-04-16 03:30:15.662","0","204","Sell"
"1","998","1090","2021-04-16 03:30:16.381","999","39","Buy"
"1","999","1091","2021-04-16 03:30:16.593","1001","132","Buy"
"1","1000","1092","2021-04-16 03:30:18.168","1000","63","Buy"
"1","1001","1093","2021-04-16 03:30:25.694","1004","21","Sell"
"1","1002","-1093","2021-04-16 03:30:30.871","1004","0","Sell"
"1","1003","-1077","2021-04-16 03:30:40.507","1006","0","Sell"
"1","1004","1096","2021-04-16 03:30:50.708","1004","52","Sell"
"1","1005","-1090","2021-04-16 03:30:50.869","999","0","Buy"
"1","1006","1098","2021-04-16 03:30:52.384","1002","81","Buy"
"1","1007","1099","2021-04-16 03:30:52.570","1003","23","Buy"
"1","1008","1100","2021-04-16 03:30:54.118","1003","25","Buy"
"1","1009","1101","2021-04-16 03:30:56.253","1002","72","Buy"
"1","1010","1102","2021-04-16 03:30:59.045","0","105","Buy"
"1","1011","1103","2021-04-16 03:30:59.810","1004","34","Buy"
"1","1012","1104","2021-04-16 03:31:00.789","1006","39","Sell"
"1","1013","1105","2021-04-16 03:31:02.483","0","53","Sell"
"1","1014","1106","2021-04-16 03:31:02.510","0","116","Buy"
"1","1015","1108","2021-04-16 03:31:05.871","0","796","Sell"
"1","1016","1111","2021-04-16 03:31:06.283","1009","24","Sell"
"1","1017","1112","2021-04-16 03:31:06.848","1008","280","Buy"
"1","1018","1113","2021-04-16 03:31:07.274","1009","51","Sell"
"1","1019","1114","2021-04-16 03:31:08.132","1009","35","Sell"
"1","1020","-1114","2021-04-16 03:31:08.230","1009","0","Sell"
"1","1021","1116","2021-04-16 03:31:09.106","0","54","Buy"
"1","1022","1118","2021-04-16 03:31:15.287","0","376","Sell"
"1","1023","-1113","2021-04-16 03:31:16.239","1009","0","Sell"
"1","1024","1121","2021-04-16 03:31:27.044","1014","21","Sell"
"1","1025","-1121","2021-04-16 03:31:31.201","1014","0","Sell"
"1","1026","1126","2021-04-16 03:31:32.710","1013","22","Sell"
"1","1027","1129","2021-04-16 03:31:37.066","1005","53","Buy"
"1","1028","1130","2021-04-16 03:31:37.983","1012","4091","Sell"
"1","1029","1131","2021-04-16 03:31:38.018","1004","21","Buy"
"1","1030","1132","2021-04-16 03:31:39.714","1004","29","Buy"
"1","1031","-1131","2021-04-16 03:31:40.695","1004","0","Buy"
"1","1032","1134","2021-04-16 03:31:40.955","1004","308","Buy"
"1","1033","1135","2021-04-16 03:31:43.474","0","9911","Sell"
"1","1034","1136","2021-04-16 03:31:43.710","1013","6720","Sell"
"1","1035","-1130","2021-04-16 03:31:45.413","1012","0","Sell"
"1","1036","1139","2021-04-16 03:31:45.491","0","59","Buy"
"1","1037","1140","2021-04-16 03:31:47.393","1012","102","Sell"
"1","1038","1141","2021-04-16 03:31:47.898","1011","35","Sell"
"1","1039","1143","2021-04-16 03:31:49.201","1004","30","Buy"
"1","1040","-1140","2021-04-16 03:31:49.288","1012","0","Sell"
"1","1041","1145","2021-04-16 03:31:51.204","1005","44","Buy"
"1","1042","1146","2021-04-16 03:31:56.677","1012","61","Sell"
"1","1043","1147","2021-04-16 03:31:57.594","1004","78","Buy"
"1","1044","-1141","2021-04-16 03:31:57.943","1011","0","Sell"
"1","1045","1149","2021-04-16 03:31:58.205","1006","25","Buy"
"1","1046","-1145","2021-04-16 03:31:58.755","1005","0","Buy"
"1","1047","-1147","2021-04-16 03:31:58.833","1004","0","Buy"
"1","1048","1152","2021-04-16 03:31:58.943","1005","217","Buy"
"1","1049","-1152","2021-04-16 03:32:00.427","1005","0","Buy"
"1","1050","-1143","2021-04-16 03:32:01.418","1004","0","Buy"
"1","1051","-1149","2021-04-16 03:32:01.881","1006","0","Buy"
"1","1052","1156","2021-04-16 03:32:02.190","1010","59","Buy"
"1","1053","1157","2021-04-16 03:32:02.280","1011","24","Sell"
"1","1054","1158","2021-04-16 03:32:04.105","1009","44","Buy"
"1","1055","1159","2021-04-16 03:32:04.170","1010","281","Buy"
"1","1056","1160","2021-04-16 03:32:05.097","1010","33","Buy"
"1","1057","1161","2021-04-16 03:32:05.399","1011","943","Sell"
"1","1058","1162","2021-04-16 03:32:05.560","1010","36","Buy"
"1","1059","1163","2021-04-16 03:32:05.630","1009","51","Buy"
"1","1060","1164","2021-04-16 03:32:05.880","0","239","Buy"
"1","1061","-1161","2021-04-16 03:32:05.966","1011","0","Sell"
"1","1062","-1136","2021-04-16 03:32:06.130","1013","0","Sell"
"1","1063","1167","2021-04-16 03:32:07.246","1011","44","Sell"
"1","1064","1168","2021-04-16 03:32:07.699","1012","63","Sell"
"1","1065","1169","2021-04-16 03:32:07.865","1012","34","Sell"
"1","1066","-1168","2021-04-16 03:32:08.056","1012","0","Sell"
"1","1067","-1167","2021-04-16 03:32:08.419","1011","0","Sell"
"1","1068","-1156","2021-04-16 03:32:08.898","1010","0","Buy"
"1","1069","1173","2021-04-16 03:32:09.459","1011","46","Buy"
"1","1070","1174","2021-04-16 03:32:09.835","1011","232","Buy"
"1","1071","1175","2021-04-16 03:32:10.360","1012","30","Sell"
"1","1072","1176","2021-04-16 03:32:11.314","0","84","Buy"
"1","1073","1177","2021-04-16 03:32:12.601","1012","144","Sell"
"1","1074","1178","2021-04-16 03:32:13.497","1012","30","Sell"
"1","1075","-1174","2021-04-16 03:32:13.811","1011","0","Buy"
"1","1076","-1173","2021-04-16 03:32:14.344","1011","0","Buy"
"1","1077","-1169","2021-04-16 03:32:15.334","1012","0","Sell"
"1","1078","1182","2021-04-16 03:32:16.023","0","52","Sell"
"1","1079","1184","2021-04-16 03:32:16.049","0","569","Sell"
"1","1080","1185","2021-04-16 03:32:16.310","1011","28","Buy"
"1","1081","1186","2021-04-16 03:32:17.158","1012","60913","Sell"
"1","1082","1190","2021-04-16 03:32:18.793","1011","46","Buy"
"1","1083","1191","2021-04-16 03:32:19.196","1010","29","Buy"
"1","1084","1192","2021-04-16 03:32:19.222","1013","24","Sell"
"1","1085","-1192","2021-04-16 03:32:19.381","1013","0","Sell"
"1","1086","-1191","2021-04-16 03:32:20.740","1010","0","Buy"
"1","1087","1195","2021-04-16 03:32:21.268","1012","24","Sell"
"1","1088","-1195","2021-04-16 03:32:26.887","1012","0","Sell"
"1","1089","1197","2021-04-16 03:32:27.415","1013","22","Sell"
"1","1090","1198","2021-04-16 03:32:27.733","1013","31","Sell"
"1","1091","1199","2021-04-16 03:32:29.799","0","563","Buy"
"1","1092","1200","2021-04-16 03:32:30.539","1010","29","Buy"
"1","1093","1201","2021-04-16 03:32:31.527","1012","21","Sell"
"1","1094","1202","2021-04-16 03:32:32.050","1013","46","Sell"
"1","1095","-1197","2021-04-16 03:32:32.901","1013","0","Sell"
"1","1096","1204","2021-04-16 03:32:33.201","1013","34","Sell"
"1","1097","1205","2021-04-16 03:32:33.452","0","98","Buy"
"1","1098","-1200","2021-04-16 03:32:33.501","1010","0","Buy"
"1","1099","1209","2021-04-16 03:32:34.561","1012","24","Sell"
"1","1100","-1202","2021-04-16 03:32:34.924","1013","0","Sell"
"1","1101","1211","2021-04-16 03:32:35.685","1012","37","Sell"
"1","1102","1212","2021-04-16 03:32:35.820","1013","48","Sell"
"1","1103","-1190","2021-04-16 03:32:36.951","1011","0","Buy"
"1","1104","1215","2021-04-16 03:32:37.872","0","202","Buy"
"1","1105","1216","2021-04-16 03:32:38.397","1010","242","Buy"
"1","1106","1217","2021-04-16 03:32:38.689","0","51","Sell"
"1","1107","1218","2021-04-16 03:32:39.101","1011","344","Buy"
"1","1108","-1216","2021-04-16 03:32:41.198","1010","0","Buy"
"1","1109","1220","2021-04-16 03:32:41.372","1012","45","Sell"
"1","1110","-1218","2021-04-16 03:32:41.489","1011","0","Buy"
"1","1111","1222","2021-04-16 03:32:42.124","1011","313","Sell"
"1","1112","1223","2021-04-16 03:32:45.223","1002","373","Buy"
"1","1113","1225","2021-04-16 03:32:46.048","1003","82","Buy"
"1","1114","1226","2021-04-16 03:32:46.277","1002","338","Buy"
"1","1115","-1186","2021-04-16 03:32:47.832","1012","0","Sell"
"1","1116","1228","2021-04-16 03:32:48.005","1012","1962","Sell"
"1","1117","1229","2021-04-16 03:32:48.630","1004","249","Buy"
"1","1118","-1223","2021-04-16 03:32:48.962","1002","0","Buy"
"1","1119","1231","2021-04-16 03:32:50.167","1005","115","Buy"
"1","1120","1232","2021-04-16 03:32:50.323","1004","43","Buy"
"1","1121","1233","2021-04-16 03:32:50.992","1006","28","Buy"
"1","1122","-1226","2021-04-16 03:32:51.136","1002","0","Buy"
"1","1123","-1233","2021-04-16 03:32:51.276","1006","0","Buy"
"1","1124","-1231","2021-04-16 03:32:52.160","1005","0","Buy"
"1","1125","-1220","2021-04-16 03:32:52.199","1012","0","Sell"
"1","1126","-1222","2021-04-16 03:32:53.630","1011","0","Sell"
"1","1127","1239","2021-04-16 03:32:54.045","1011","56","Sell"
"1","1128","1240","2021-04-16 03:32:56.590","1010","71","Sell"
"1","1129","-1240","2021-04-16 03:32:59.130","1010","0","Sell"
"1","1130","-1225","2021-04-16 03:32:59.880","1003","0","Buy"
"1","1131","-1232","2021-04-16 03:33:00.351","1004","0","Buy"
"1","1132","1244","2021-04-16 03:33:02.546","1003","50","Buy"
"1","1133","1245","2021-04-16 03:33:02.799","1012","27","Sell"
"1","1134","1246","2021-04-16 03:33:03.616","1010","2846","Sell"
"1","1135","-1229","2021-04-16 03:33:04.244","1004","0","Buy"
"1","1136","1248","2021-04-16 03:33:04.672","1009","141","Sell"
"1","1137","1249","2021-04-16 03:33:05.440","1002","34","Buy"
"1","1138","1250","2021-04-16 03:33:08.184","1010","26","Sell"
"1","1139","1251","2021-04-16 03:33:08.719","0","65","Buy"
"1","1140","-1248","2021-04-16 03:33:10.223","1009","0","Sell"
"1","1141","-1249","2021-04-16 03:33:11.435","1002","0","Buy"
"1","1142","1254","2021-04-16 03:33:11.633","1002","127","Buy"
"1","1143","1255","2021-04-16 03:33:12.395","1011","20","Sell"
"1","1144","-1211","2021-04-16 03:33:12.774","1012","0","Sell"
"1","1145","-1245","2021-04-16 03:33:16.222","1012","0","Sell"
"1","1146","1258","2021-04-16 03:33:17.040","1011","29","Sell"
"1","1147","1259","2021-04-16 03:33:17.221","1011","28","Sell"
"1","1148","-1254","2021-04-16 03:33:17.892","1002","0","Buy"
"1","1149","1261","2021-04-16 03:33:18.094","1009","70","Sell"
"1","1150","1262","2021-04-16 03:33:19.533","1002","108","Buy"
"1","1151","1263","2021-04-16 03:33:24.098","1010","292","Sell"
"1","1152","-1244","2021-04-16 03:33:24.319","1003","0","Buy"
"1","1153","1265","2021-04-16 03:33:24.839","0","836","Sell"
"1","1154","1266","2021-04-16 03:33:25.959","1008","33","Sell"
"1","1155","1268","2021-04-16 03:33:26.846","1007","66","Sell"
"1","1156","1269","2021-04-16 03:33:27.494","997","22","Buy"
"1","1157","1271","2021-04-16 03:33:28.597","996","22","Buy"
"1","1158","-1268","2021-04-16 03:33:29.474","1007","0","Sell"
"1","1159","-1228","2021-04-16 03:33:29.676","1012","0","Sell"
"1","1160","1274","2021-04-16 03:33:31.431","996","40","Buy"
"1","1161","-1271","2021-04-16 03:33:33.063","996","0","Buy"
"1","1162","1276","2021-04-16 03:33:35.461","996","44","Buy"
"1","1163","-1276","2021-04-16 03:33:43.369","996","0","Buy"
"1","1164","1278","2021-04-16 03:33:45.265","998","23","Buy"
"1","1165","1279","2021-04-16 03:33:45.659","997","18953","Buy"
"1","1166","-1269","2021-04-16 03:33:47.680","997","0","Buy"
"1","1167","1281","2021-04-16 03:33:54.373","997","74","Buy"
"1","1168","-1266","2021-04-16 03:33:57.385","1008","0","Sell"
"1","1169","-1261","2021-04-16 03:34:04.751","1009","0","Sell"
"1","1170","1284","2021-04-16 03:34:07.359","999","25","Buy"
"1","1171","1285","2021-04-16 03:34:08.859","1011","176","Sell"
"1","1172","1286","2021-04-16 03:34:09.055","0","79","Buy"
"1","1173","1287","2021-04-16 03:34:11.460","0","259","Buy"
"1","1174","1288","2021-04-16 03:34:11.899","0","203","Sell"
"1","1175","-1246","2021-04-16 03:34:13.371","1010","0","Sell"
"1","1176","1290","2021-04-16 03:34:15.844","0","56","Sell"
"1","1177","1291","2021-04-16 03:34:16.431","1011","221","Sell"
"1","1178","1292","2021-04-16 03:34:17.400","998","33","Buy"
"1","1179","1293","2021-04-16 03:34:20.170","1009","29","Sell"
"1","1180","1294","2021-04-16 03:34:20.461","997","42","Buy"
"1","1181","-1293","2021-04-16 03:34:24.598","1009","0","Sell"
"1","1182","1296","2021-04-16 03:34:25.404","997","129","Buy"
"1","1183","1297","2021-04-16 03:34:26.015","0","60","Buy"
"1","1184","1298","2021-04-16 03:34:26.617","1009","319","Sell"
"1","1185","1299","2021-04-16 03:34:27.102","1008","52","Sell"
"1","1186","-1281","2021-04-16 03:34:27.498","997","0","Buy"
"1","1187","-1209","2021-04-16 03:34:34.012","1012","0","Sell"
"1","1188","1302","2021-04-16 03:34:36.531","1007","36","Sell"
"1","1189","1303","2021-04-16 03:34:37.953","1006","45","Sell"
"1","1190","-1294","2021-04-16 03:34:38.319","997","0","Buy"
"1","1191","-1292","2021-04-16 03:34:38.435","998","0","Buy"
"1","1192","1306","2021-04-16 03:34:41.449","1007","38","Sell"
"1","1193","-1274","2021-04-16 03:34:42.768","996","0","Buy"
"1","1194","1308","2021-04-16 03:34:42.811","998","40","Buy"
"1","1195","1309","2021-04-16 03:34:43.243","999","63","Buy"
"1","1196","-1204","2021-04-16 03:34:46.163","1013","0","Sell"
"1","1197","-1303","2021-04-16 03:34:47.959","1006","0","Sell"
"1","1198","-1279","2021-04-16 03:34:49.348","997","0","Buy"
"1","1199","1313","2021-04-16 03:34:55.247","1008","250","Sell"
"1","1200","-1198","2021-04-16 03:34:57.481","1013","0","Sell"
"1","1201","-1299","2021-04-16 03:35:03.611","1008","0","Sell"
"1","1202","1316","2021-04-16 03:35:06.498","1000","20","Buy"
"1","1203","1317","2021-04-16 03:35:07.714","0","55","Sell"
"1","1204","1318","2021-04-16 03:35:09.838","0","104","Buy"
"1","1205","1319","2021-04-16 03:35:10.058","998","140","Buy"
"1","1206","-1309","2021-04-16 03:35:13.052","999","0","Buy"
"1","1207","1321","2021-04-16 03:35:15.032","1009","85","Sell"
"1","1208","1322","2021-04-16 03:35:16.087","997","51","Buy"
"1","1209","1323","2021-04-16 03:35:18.610","0","555","Sell"
"1","1210","1325","2021-04-16 03:35:19.389","1007","109","Buy"
"1","1211","-1313","2021-04-16 03:35:21.495","1008","0","Sell"
"1","1212","-1298","2021-04-16 03:35:22.681","1009","0","Sell"
"1","1213","1328","2021-04-16 03:35:24.036","1006","31","Buy"
"1","1214","1329","2021-04-16 03:35:24.619","0","1786","Buy"
"1","1215","-1328","2021-04-16 03:35:24.929","1006","0","Buy"
"1","1216","1332","2021-04-16 03:35:25.108","0","380","Sell"
"1","1217","1336","2021-04-16 03:35:26.844","1016","238","Sell"
"1","1218","1338","2021-04-16 03:35:28.054","1006","76","Buy"
"1","1219","-1336","2021-04-16 03:35:28.175","1016","0","Sell"
"1","1220","1341","2021-04-16 03:35:29.564","1005","50","Buy"
"1","1221","1342","2021-04-16 03:35:30.213","1005","58","Buy"
"1","1222","1343","2021-04-16 03:35:30.605","1015","20","Sell"
"1","1223","1344","2021-04-16 03:35:31.363","1016","23","Sell"
"1","1224","1345","2021-04-16 03:35:31.936","1007","24","Buy"
"1","1225","-1345","2021-04-16 03:35:33.086","1007","0","Buy"
"1","1226","-1344","2021-04-16 03:35:33.624","1016","0","Sell"
"1","1227","1348","2021-04-16 03:35:34.302","0","56","Sell"
"1","1228","-1341","2021-04-16 03:35:34.559","1005","0","Buy"
"1","1229","1350","2021-04-16 03:35:35.575","1014","52","Sell"
"1","1230","1351","2021-04-16 03:35:36.265","1007","26","Buy"
"1","1231","-1351","2021-04-16 03:35:36.806","1007","0","Buy"
"1","1232","1353","2021-04-16 03:35:38.598","1005","1352","Buy"
"1","1233","1354","2021-04-16 03:35:39.348","1013","591","Sell"
"1","1234","-1343","2021-04-16 03:35:39.408","1015","0","Sell"
"1","1235","1356","2021-04-16 03:35:40.918","1005","60","Buy"
"1","1236","1357","2021-04-16 03:35:42.166","1012","40","Sell"
"1","1237","1358","2021-04-16 03:35:42.588","1011","30","Sell"
"1","1238","-1358","2021-04-16 03:35:42.745","1011","0","Sell"
"1","1239","-1357","2021-04-16 03:35:43.684","1012","0","Sell"
"1","1240","1361","2021-04-16 03:35:44.645","0","288","Buy"
"1","1241","1362","2021-04-16 03:35:46.141","1014","55","Sell"
"1","1242","1363","2021-04-16 03:35:47.741","0","50","Sell"
"1","1243","1364","2021-04-16 03:35:49.278","1012","349","Sell"
"1","1244","1365","2021-04-16 03:35:50.251","1006","95","Buy"
"1","1245","-1354","2021-04-16 03:35:50.253","1013","0","Sell"
"1","1246","1367","2021-04-16 03:35:52.627","1013","211","Sell"
"1","1247","1368","2021-04-16 03:35:54.505","1011","21","Sell"
"1","1248","1369","2021-04-16 03:36:00.506","1012","33","Sell"
"1","1249","1370","2021-04-16 03:36:03.288","0","81","Sell"
"1","1250","1371","2021-04-16 03:36:04.230","0","1206","Sell"
"1","1251","1372","2021-04-16 03:36:05.072","0","145","Buy"
"1","1252","-1356","2021-04-16 03:36:08.698","1005","0","Buy"
"1","1253","1375","2021-04-16 03:36:22.107","1011","187","Sell"
"1","1254","1376","2021-04-16 03:36:23.060","1010","26","Sell"
"1","1255","1377","2021-04-16 03:36:23.221","1009","29","Sell"
"1","1256","1378","2021-04-16 03:36:23.923","0","61","Sell"
"1","1257","-1377","2021-04-16 03:36:25.968","1009","0","Sell"
"1","1258","1380","2021-04-16 03:36:29.624","0","50","Sell"
"1","1259","1381","2021-04-16 03:36:30.025","1011","40","Sell"
"1","1260","-1350","2021-04-16 03:36:30.416","1014","0","Sell"
"1","1261","1383","2021-04-16 03:36:31.122","0","220","Sell"
"1","1262","1384","2021-04-16 03:36:34.456","1011","40","Sell"
"1","1263","1385","2021-04-16 03:36:36.752","1003","103","Buy"
"1","1264","1386","2021-04-16 03:36:37.414","1002","420","Buy"
"1","1265","1387","2021-04-16 03:36:38.252","1004","51","Buy"
"1","1266","1388","2021-04-16 03:36:40.359","0","71","Sell"
"1","1267","-1385","2021-04-16 03:36:40.986","1003","0","Buy"
"1","1268","1390","2021-04-16 03:36:41.133","1009","23","Sell"
"1","1269","1392","2021-04-16 03:36:45.869","1001","33","Buy"
"1","1270","1393","2021-04-16 03:36:51.893","0","93","Buy"
"1","1271","1394","2021-04-16 03:36:53.593","1003","113","Buy"
"1","1272","1395","2021-04-16 03:36:54.205","1012","261","Sell"
"1","1273","-1364","2021-04-16 03:36:55.062","1012","0","Sell"
"1","1274","-1395","2021-04-16 03:36:55.294","1012","0","Sell"
"1","1275","1398","2021-04-16 03:36:56.231","1010","60","Sell"
"1","1276","1399","2021-04-16 03:36:58.505","1002","39","Buy"
"1","1277","1400","2021-04-16 03:36:58.590","1011","90","Sell"
"1","1278","-1394","2021-04-16 03:37:01.445","1003","0","Buy"
"1","1279","1402","2021-04-16 03:37:01.817","1011","86","Sell"
"1","1280","1403","2021-04-16 03:37:02.018","1011","207","Sell"
"1","1281","1404","2021-04-16 03:37:02.332","1009","80","Sell"
"1","1282","1405","2021-04-16 03:37:02.689","1010","1674","Sell"
"1","1283","-1404","2021-04-16 03:37:02.854","1009","0","Sell"
"1","1284","-1402","2021-04-16 03:37:03.256","1011","0","Sell"
"1","1285","1408","2021-04-16 03:37:04.233","1001","657","Buy"
"1","1286","-1408","2021-04-16 03:37:04.746","1001","0","Buy"
"1","1287","-1386","2021-04-16 03:37:06.044","1002","0","Buy"
"1","1288","1411","2021-04-16 03:37:06.842","1001","20","Buy"
"1","1289","1412","2021-04-16 03:37:07.222","1001","28","Buy"
"1","1290","1413","2021-04-16 03:37:07.702","1001","65","Buy"
"1","1291","1414","2021-04-16 03:37:08.307","1009","24","Sell"
"1","1292","-1375","2021-04-16 03:37:09.609","1011","0","Sell"
"1","1293","1416","2021-04-16 03:37:10.650","1003","42","Buy"
"1","1294","-1414","2021-04-16 03:37:11.471","1009","0","Sell"
"1","1295","1418","2021-04-16 03:37:12.393","1004","25","Buy"
"1","1296","1419","2021-04-16 03:37:15.147","1009","24","Sell"
"1","1297","-1413","2021-04-16 03:37:15.342","1001","0","Buy"
"1","1298","1421","2021-04-16 03:37:16.503","0","52","Sell"
"1","1299","-1398","2021-04-16 03:37:16.958","1010","0","Sell"
"1","1300","1423","2021-04-16 03:37:17.080","1008","36","Sell"
"1","1301","1424","2021-04-16 03:37:17.082","0","60","Buy"
"1","1302","1425","2021-04-16 03:37:17.633","0","157","Sell"
"1","1303","1427","2021-04-16 03:37:19.157","1007","22","Buy"
"1","1304","1428","2021-04-16 03:37:19.400","1006","46","Buy"
"1","1305","1429","2021-04-16 03:37:19.882","1008","65","Buy"
"1","1306","1430","2021-04-16 03:37:19.884","1007","59","Buy"
"1","1307","1431","2021-04-16 03:37:21.283","1007","31","Buy"
"1","1308","1432","2021-04-16 03:37:21.647","1011","62","Sell"
"1","1309","1433","2021-04-16 03:37:22.144","1009","41","Buy"
"1","1310","-1405","2021-04-16 03:37:22.407","1010","0","Sell"
"1","1311","1435","2021-04-16 03:37:23.557","1008","26","Buy"
"1","1312","-1433","2021-04-16 03:37:23.805","1009","0","Buy"
"1","1313","1437","2021-04-16 03:37:23.984","1010","791","Sell"
"1","1314","1438","2021-04-16 03:37:24.028","1009","61","Sell"
"1","1315","1439","2021-04-16 03:37:24.037","1009","20","Sell"
"1","1316","1440","2021-04-16 03:37:25.475","1010","54","Sell"
"1","1317","1441","2021-04-16 03:37:26.539","1010","241","Sell"
"1","1318","-1369","2021-04-16 03:37:26.933","1012","0","Sell"
"1","1319","1443","2021-04-16 03:37:27.049","0","68","Buy"
"1","1320","1444","2021-04-16 03:37:27.354","1007","101","Buy"
"1","1321","-1428","2021-04-16 03:37:27.449","1006","0","Buy"
"1","1322","1446","2021-04-16 03:37:27.815","1007","68","Buy"
"1","1323","1447","2021-04-16 03:37:28.163","1009","128","Sell"
"1","1324","-1435","2021-04-16 03:37:28.389","1008","0","Buy"
"1","1325","1449","2021-04-16 03:37:28.499","1010","31","Sell"
"1","1326","1450","2021-04-16 03:37:28.536","1010","22","Sell"
"1","1327","1451","2021-04-16 03:37:30.073","1010","28","Sell"
"1","1328","1452","2021-04-16 03:37:30.772","1008","95","Buy"
"1","1329","-1381","2021-04-16 03:37:32.208","1011","0","Sell"
"1","1330","1454","2021-04-16 03:37:33.956","1009","73","Sell"
"1","1331","1455","2021-04-16 03:37:33.999","0","61","Buy"
"1","1332","1456","2021-04-16 03:37:36.817","1010","101","Sell"
"1","1333","1457","2021-04-16 03:37:36.890","1008","57","Buy"
"1","1334","-1431","2021-04-16 03:37:37.060","1007","0","Buy"
"1","1335","-1454","2021-04-16 03:37:42.401","1009","0","Sell"
"1","1336","-1449","2021-04-16 03:37:45.896","1010","0","Sell"
"1","1337","1461","2021-04-16 03:37:46.061","1009","26","Sell"
"1","1338","1462","2021-04-16 03:37:51.317","1009","718","Sell"
"1","1339","1463","2021-04-16 03:37:52.838","1007","25","Buy"
"1","1340","-1429","2021-04-16 03:37:53.381","1008","0","Buy"
"1","1341","1465","2021-04-16 03:37:55.409","1009","41","Sell"
"1","1342","1466","2021-04-16 03:38:01.640","1009","29","Sell"
"1","1343","-1441","2021-04-16 03:38:16.223","1010","0","Sell"
"1","1344","1468","2021-04-16 03:38:20.274","0","55","Buy"
"1","1345","1469","2021-04-16 03:38:25.795","1010","24","Sell"
"1","1346","1470","2021-04-16 03:38:29.666","1007","42","Buy"
"1","1347","1471","2021-04-16 03:38:33.257","1010","23","Sell"
"1","1348","-1447","2021-04-16 03:38:34.364","1009","0","Sell"
"1","1349","-1432","2021-04-16 03:38:37.882","1011","0","Sell"
"1","1350","-1457","2021-04-16 03:38:38.646","1008","0","Buy"
"1","1351","-1470","2021-04-16 03:38:40.437","1007","0","Buy"
"1","1352","1476","2021-04-16 03:38:42.340","1007","34","Buy"
"1","1353","1477","2021-04-16 03:38:50.036","1007","78","Buy"
"1","1354","1478","2021-04-16 03:38:50.801","1009","22","Sell"
"1","1355","1479","2021-04-16 03:38:52.971","1010","69","Sell"
"1","1356","1480","2021-04-16 03:38:53.330","0","55","Buy"
"1","1357","1481","2021-04-16 03:38:53.368","1007","101","Buy"
"1","1358","1482","2021-04-16 03:38:54.809","1009","22","Sell"
"1","1359","1483","2021-04-16 03:38:55.121","0","81","Buy"
"1","1360","-1446","2021-04-16 03:38:56.266","1007","0","Buy"
"1","1361","1485","2021-04-16 03:38:57.207","0","83","Sell"
"1","1362","1486","2021-04-16 03:38:58.421","1009","88","Sell"
"1","1363","1487","2021-04-16 03:38:58.702","1007","46","Buy"
"1","1364","1488","2021-04-16 03:39:02.045","1009","29","Sell"
"1","1365","-1452","2021-04-16 03:39:02.448","1008","0","Buy"
"1","1366","1490","2021-04-16 03:39:02.747","1008","591","Buy"
"1","1367","-1440","2021-04-16 03:39:03.564","1010","0","Sell"
"1","1368","1492","2021-04-16 03:39:03.903","1009","22","Sell"
"1","1369","-1450","2021-04-16 03:39:04.015","1010","0","Sell"
"1","1370","-1367","2021-04-16 03:39:04.215","1013","0","Sell"
"1","1371","-1490","2021-04-16 03:39:04.354","1008","0","Buy"
"1","1372","1496","2021-04-16 03:39:04.872","1008","48","Sell"
"1","1373","-1496","2021-04-16 03:39:04.878","1008","0","Sell"
"1","1374","1498","2021-04-16 03:39:05.155","1006","87","Buy"
"1","1375","-1477","2021-04-16 03:39:05.302","1007","0","Buy"
"1","1376","1500","2021-04-16 03:39:06.240","1008","114","Buy"
"1","1377","1501","2021-04-16 03:39:07.152","1009","44","Sell"
"1","1378","-1486","2021-04-16 03:39:07.392","1009","0","Sell"
"1","1379","1503","2021-04-16 03:39:08.448","0","100","Buy"
"1","1380","1504","2021-04-16 03:39:10.132","1007","43","Buy"
"1","1381","-1451","2021-04-16 03:39:10.240","1010","0","Sell"
"1","1382","-1504","2021-04-16 03:39:10.696","1007","0","Buy"
"1","1383","1507","2021-04-16 03:39:11.009","1010","34","Sell"
"1","1384","-1500","2021-04-16 03:39:11.443","1008","0","Buy"
"1","1385","-1465","2021-04-16 03:39:11.658","1009","0","Sell"
"1","1386","1510","2021-04-16 03:39:13.542","1008","45","Buy"
"1","1387","1511","2021-04-16 03:39:16.197","1010","157","Sell"
"1","1388","-1476","2021-04-16 03:39:16.230","1007","0","Buy"
"1","1389","1513","2021-04-16 03:39:16.766","1007","22","Buy"
"1","1390","-1384","2021-04-16 03:39:17.573","1011","0","Sell"
"1","1391","1515","2021-04-16 03:39:17.620","1009","108","Sell"
"1","1392","1516","2021-04-16 03:39:17.628","1007","70","Buy"
"1","1393","1517","2021-04-16 03:39:18.867","1007","614","Buy"
"1","1394","1518","2021-04-16 03:39:19.173","1007","52","Buy"
"1","1395","1519","2021-04-16 03:39:20.615","1007","30","Buy"
"1","1396","-1462","2021-04-16 03:39:21.806","1009","0","Sell"
"1","1397","-1510","2021-04-16 03:39:24.764","1008","0","Buy"
"1","1398","-1498","2021-04-16 03:39:24.768","1006","0","Buy"
"1","1399","1523","2021-04-16 03:39:26.536","1010","61","Sell"
"1","1400","1524","2021-04-16 03:39:27.049","1008","165","Buy"
"1","1401","1525","2021-04-16 03:39:27.879","1010","92","Sell"
"1","1402","1526","2021-04-16 03:39:28.346","0","72","Buy"
"1","1403","-1524","2021-04-16 03:39:28.564","1008","0","Buy"
"1","1404","1528","2021-04-16 03:39:31.248","1006","175","Buy"
"1","1405","1529","2021-04-16 03:39:31.545","1008","35","Buy"
"1","1406","-1487","2021-04-16 03:39:32.887","1007","0","Buy"
"1","1407","1531","2021-04-16 03:39:33.084","0","157","Sell"
"1","1408","1532","2021-04-16 03:39:33.423","1010","61","Sell"
"1","1409","1533","2021-04-16 03:39:33.517","0","172","Buy"
"1","1410","1534","2021-04-16 03:39:33.631","1008","343","Buy"
"1","1411","-1437","2021-04-16 03:39:34.222","1010","0","Sell"
"1","1412","-1519","2021-04-16 03:39:34.656","1007","0","Buy"
"1","1413","1537","2021-04-16 03:39:34.763","1008","61","Buy"
"1","1414","-1534","2021-04-16 03:39:34.807","1008","0","Buy"
"1","1415","1539","2021-04-16 03:39:35.988","0","188","Buy"
"1","1416","-1537","2021-04-16 03:39:36.041","1008","0","Buy"
"1","1417","1541","2021-04-16 03:39:36.043","0","164","Buy"
"1","1418","1542","2021-04-16 03:39:36.122","0","255","Buy"
"1","1419","-1528","2021-04-16 03:39:36.308","1006","0","Buy"
"1","1420","1544","2021-04-16 03:39:36.534","0","63","Buy"
"1","1421","-1403","2021-04-16 03:39:37.319","1011","0","Sell"
"1","1422","-1362","2021-04-16 03:39:37.372","1014","0","Sell"
"1","1423","1547","2021-04-16 03:39:37.526","1008","62","Buy"
"1","1424","1548","2021-04-16 03:39:37.653","0","64","Buy"
"1","1425","1549","2021-04-16 03:39:37.654","1009","60","Buy"
"1","1426","-1549","2021-04-16 03:39:38.395","1009","0","Buy"
"1","1427","1551","2021-04-16 03:39:38.713","1012","35","Sell"
"1","1428","1552","2021-04-16 03:39:39.598","0","67","Sell"
"1","1429","1554","2021-04-16 03:39:40.187","1012","202","Sell"
"1","1430","-1400","2021-04-16 03:39:40.811","1011","0","Sell"
"1","1431","1556","2021-04-16 03:39:41.082","1011","2227","Sell"
"1","1432","1557","2021-04-16 03:39:41.890","1008","21","Buy"
"1","1433","-1557","2021-04-16 03:39:44.148","1008","0","Buy"
"1","1434","-1556","2021-04-16 03:39:44.948","1011","0","Sell"
"1","1435","1561","2021-04-16 03:39:45.832","1008","65","Buy"
"1","1436","1562","2021-04-16 03:39:47.558","0","69","Sell"
"1","1437","1563","2021-04-16 03:39:47.630","1006","157","Buy"
"1","1438","1564","2021-04-16 03:39:48.043","1006","34","Buy"
"1","1439","-1463","2021-04-16 03:39:48.401","1007","0","Buy"
"1","1440","1566","2021-04-16 03:39:48.848","0","2661","Sell"
"1","1441","1567","2021-04-16 03:39:49.064","1010","116","Buy"
"1","1442","1568","2021-04-16 03:39:49.485","0","66","Buy"
"1","1443","1570","2021-04-16 03:39:50.233","1013","107","Sell"
"1","1444","1571","2021-04-16 03:39:50.239","1013","52","Sell"
"1","1445","1572","2021-04-16 03:39:51.607","1011","23","Sell"
"1","1446","-1572","2021-04-16 03:39:51.836","1011","0","Sell"
"1","1447","-1567","2021-04-16 03:39:51.977","1010","0","Buy"
"1","1448","1575","2021-04-16 03:39:53.135","1002","84","Buy"
"1","1449","-1575","2021-04-16 03:39:53.994","1002","0","Buy"
"1","1450","1577","2021-04-16 03:39:54.895","1011","24","Sell"
"1","1451","1578","2021-04-16 03:39:55.665","1006","48","Buy"
"1","1452","-1578","2021-04-16 03:39:58.424","1006","0","Buy"
"1","1453","1581","2021-04-16 03:39:59.041","1012","21","Sell"
"1","1454","1582","2021-04-16 03:39:59.272","1010","20","Sell"
"1","1455","1585","2021-04-16 03:40:01.903","1005","24","Buy"
"1","1456","1586","2021-04-16 03:40:01.965","1006","35","Buy"
"1","1457","1587","2021-04-16 03:40:03.114","1009","33","Sell"
"1","1458","-1585","2021-04-16 03:40:04.898","1005","0","Buy"
"1","1459","1589","2021-04-16 03:40:06.693","0","56","Sell"
"1","1460","1590","2021-04-16 03:40:06.918","0","136","Buy"
"1","1461","1592","2021-04-16 03:40:07.417","1013","35","Sell"
"1","1462","1593","2021-04-16 03:40:09.000","1007","50","Buy"
"1","1463","-1571","2021-04-16 03:40:11.474","1013","0","Sell"
"1","1464","-1592","2021-04-16 03:40:14.516","1013","0","Sell"
"1","1465","-1593","2021-04-16 03:40:15.292","1007","0","Buy"
"1","1466","1598","2021-04-16 03:40:16.092","1013","29","Sell"
"1","1467","1599","2021-04-16 03:40:18.685","1011","62","Sell"
"1","1468","1601","2021-04-16 03:40:21.785","1001","26","Buy"
"1","1469","-1570","2021-04-16 03:40:22.973","1013","0","Sell"
"1","1470","1603","2021-04-16 03:40:24.564","1000","23","Buy"
"1","1471","-1599","2021-04-16 03:40:24.743","1011","0","Sell"
"1","1472","1605","2021-04-16 03:40:29.930","1011","25","Sell"
"1","1473","-1554","2021-04-16 03:40:31.113","1012","0","Sell"
"1","1474","-1603","2021-04-16 03:40:33.170","1000","0","Buy"
"1","1475","1608","2021-04-16 03:40:35.761","1012","72","Sell"
"1","1476","1609","2021-04-16 03:40:38.288","1012","62","Sell"
"1","1477","1610","2021-04-16 03:40:38.660","1010","24","Sell"
"1","1478","-1609","2021-04-16 03:40:40.547","1012","0","Sell"
"1","1479","1612","2021-04-16 03:40:41.424","1000","48","Buy"
"1","1480","-1581","2021-04-16 03:40:41.597","1012","0","Sell"
"1","1481","-1610","2021-04-16 03:40:41.725","1010","0","Sell"
"1","1482","1615","2021-04-16 03:40:42.573","1012","47","Sell"
"1","1483","1616","2021-04-16 03:40:43.255","1010","32","Sell"
"1","1484","-1612","2021-04-16 03:40:43.751","1000","0","Buy"
"1","1485","-1616","2021-04-16 03:40:45.442","1010","0","Sell"
"1","1486","-1608","2021-04-16 03:40:45.479","1012","0","Sell"
"1","1487","-1601","2021-04-16 03:40:46.460","1001","0","Buy"
"1","1488","1621","2021-04-16 03:40:49.053","1012","25","Sell"
"1","1489","-1621","2021-04-16 03:40:55.949","1012","0","Sell"
"1","1490","1625","2021-04-16 03:40:58.455","1010","26","Sell"
"1","1491","-1605","2021-04-16 03:41:01.506","1011","0","Sell"
"1","1492","1628","2021-04-16 03:41:03.396","1009","20","Sell"
"1","1493","-1598","2021-04-16 03:41:04.739","1013","0","Sell"
"1","1494","-1615","2021-04-16 03:41:06.041","1012","0","Sell"
"1","1495","1632","2021-04-16 03:41:11.684","1008","445","Buy"
"1","1496","1633","2021-04-16 03:41:12.778","0","1360","Buy"
"1","1497","1635","2021-04-16 03:41:18.447","1018","449","Sell"
"1","1498","1636","2021-04-16 03:41:18.457","1019","24","Sell"
"1","1499","1637","2021-04-16 03:41:20.468","1007","29","Buy"
"1","1500","-1636","2021-04-16 03:41:20.653","1019","0","Sell"
"1","1501","1639","2021-04-16 03:41:22.337","0","68","Buy"
"1","1502","1641","2021-04-16 03:41:23.428","1017","46","Sell"
"1","1503","1642","2021-04-16 03:41:28.825","1009","22","Buy"
"1","1504","-1642","2021-04-16 03:41:33.394","1009","0","Buy"
"1","1505","-1632","2021-04-16 03:41:33.702","1008","0","Buy"
"1","1506","1646","2021-04-16 03:41:38.397","1018","27","Sell"
"1","1507","1647","2021-04-16 03:42:03.919","1016","120","Sell"
"1","1508","1648","2021-04-16 03:42:05.434","1006","52","Buy"
"1","1509","1649","2021-04-16 03:42:10.571","1015","44","Sell"
"1","1510","-1637","2021-04-16 03:42:11.379","1007","0","Buy"
"1","1511","1651","2021-04-16 03:42:12.092","1014","33","Sell"
"1","1512","1652","2021-04-16 03:42:14.718","1005","64","Buy"
"1","1513","-1651","2021-04-16 03:42:15.356","1014","0","Sell"
"1","1514","-1652","2021-04-16 03:42:26.712","1005","0","Buy"
"1","1515","-1649","2021-04-16 03:42:26.799","1015","0","Sell"
"1","1516","-1648","2021-04-16 03:42:28.735","1006","0","Buy"
"1","1517","1657","2021-04-16 03:42:28.995","1017","23","Sell"
"1","1518","1658","2021-04-16 03:42:29.416","0","156","Buy"
"1","1519","1659","2021-04-16 03:42:29.699","1016","26","Sell"
"1","1520","1660","2021-04-16 03:42:29.935","1011","143","Buy"
"1","1521","-1659","2021-04-16 03:42:30.158","1016","0","Sell"
"1","1522","1662","2021-04-16 03:42:30.662","1018","39","Sell"
"1","1523","1663","2021-04-16 03:42:32.433","1010","24","Buy"
"1","1524","1664","2021-04-16 03:42:32.504","1010","24","Buy"
"1","1525","-1662","2021-04-16 03:42:33.819","1018","0","Sell"
"1","1526","-1663","2021-04-16 03:42:34.247","1010","0","Buy"
"1","1527","1667","2021-04-16 03:42:35.154","0","336","Buy"
"1","1528","1668","2021-04-16 03:42:36.995","1017","32","Sell"
"1","1529","1669","2021-04-16 03:42:37.118","0","103","Sell"
"1","1530","1670","2021-04-16 03:42:37.223","1012","22","Buy"
"1","1531","-1664","2021-04-16 03:42:37.664","1010","0","Buy"
"1","1532","-1660","2021-04-16 03:42:38.055","1011","0","Buy"
"1","1533","-1646","2021-04-16 03:42:38.385","1018","0","Sell"
"1","1534","1674","2021-04-16 03:42:39.895","1016","54","Sell"
"1","1535","1675","2021-04-16 03:42:41.234","1013","20","Buy"
"1","1536","1676","2021-04-16 03:42:43.055","0","253","Buy"
"1","1537","-1670","2021-04-16 03:42:44.542","1012","0","Buy"
"1","1538","1681","2021-04-16 03:42:45.290","1019","41","Sell"
"1","1539","1682","2021-04-16 03:42:45.591","0","165","Sell"
"1","1540","-1681","2021-04-16 03:42:46.124","1019","0","Sell"
"1","1541","1685","2021-04-16 03:42:47.638","1016","37","Buy"
"1","1542","1686","2021-04-16 03:42:47.737","1017","122","Buy"
"1","1543","1687","2021-04-16 03:42:48.348","1016","142","Buy"
"1","1544","1690","2021-04-16 03:42:49.567","1021","57","Sell"
"1","1545","1691","2021-04-16 03:42:49.644","1018","118","Buy"
"1","1546","1692","2021-04-16 03:42:50.349","1022","27","Sell"
"1","1547","1693","2021-04-16 03:42:50.383","1017","49","Buy"
"1","1548","-1691","2021-04-16 03:42:50.557","1018","0","Buy"
"1","1549","-1693","2021-04-16 03:42:51.998","1017","0","Buy"
"1","1550","1696","2021-04-16 03:42:52.995","1018","23","Buy"
"1","1551","1697","2021-04-16 03:42:53.339","1020","28","Sell"
"1","1552","-1696","2021-04-16 03:42:53.432","1018","0","Buy"
"1","1553","1699","2021-04-16 03:42:54.107","1018","27","Buy"
"1","1554","1700","2021-04-16 03:42:54.406","0","311","Sell"
"1","1555","1701","2021-04-16 03:42:55.570","1015","26","Buy"
"1","1556","1702","2021-04-16 03:42:55.836","1015","24","Buy"
"1","1557","-1697","2021-04-16 03:42:56.177","1020","0","Sell"
"1","1558","-1687","2021-04-16 03:42:57.956","1016","0","Buy"
"1","1559","1705","2021-04-16 03:42:58.053","1020","30","Sell"
"1","1560","-1692","2021-04-16 03:42:58.720","1022","0","Sell"
"1","1561","1707","2021-04-16 03:42:58.802","0","85","Sell"
"1","1562","-1705","2021-04-16 03:42:58.934","1020","0","Sell"
"1","1563","1709","2021-04-16 03:42:59.296","0","269","Buy"
"1","1564","1710","2021-04-16 03:43:00.138","1016","22","Buy"
"1","1565","-1710","2021-04-16 03:43:02.346","1016","0","Buy"
"1","1566","1717","2021-04-16 03:43:07.162","1017","20","Buy"
"1","1567","1718","2021-04-16 03:43:08.058","1024","217","Sell"
"1","1568","1719","2021-04-16 03:43:08.962","1018","27","Buy"
"1","1569","-1719","2021-04-16 03:43:11.045","1018","0","Buy"
"1","1570","1722","2021-04-16 03:43:11.695","1018","39","Buy"
"1","1571","1723","2021-04-16 03:43:15.382","1025","80","Sell"
"1","1572","-1717","2021-04-16 03:43:15.845","1017","0","Buy"
"1","1573","1725","2021-04-16 03:43:16.366","1023","80","Sell"
"1","1574","1726","2021-04-16 03:43:17.193","0","129","Buy"
"1","1575","1728","2021-04-16 03:43:20.074","1025","23","Sell"
"1","1576","-1723","2021-04-16 03:43:25.776","1025","0","Sell"
"1","1577","1732","2021-04-16 03:43:27.744","1025","30","Sell"
"1","1578","1733","2021-04-16 03:43:29.434","1019","29","Buy"
"1","1579","-1733","2021-04-16 03:43:29.788","1019","0","Buy"
"1","1580","-1732","2021-04-16 03:43:30.318","1025","0","Sell"
"1","1581","1736","2021-04-16 03:43:34.172","1019","87","Buy"
"1","1582","1737","2021-04-16 03:43:37.000","1025","459","Sell"
"1","1583","-1728","2021-04-16 03:43:38.438","1025","0","Sell"
"1","1584","1739","2021-04-16 03:43:38.678","1025","25","Sell"
"1","1585","1740","2021-04-16 03:43:39.643","1023","67","Sell"
"1","1586","-1736","2021-04-16 03:43:41.215","1019","0","Buy"
"1","1587","1742","2021-04-16 03:43:42.565","1019","203","Buy"
"1","1588","1743","2021-04-16 03:43:43.651","1020","217","Buy"
"1","1589","1744","2021-04-16 03:43:45.581","1024","75","Sell"
"1","1590","1745","2021-04-16 03:43:45.954","1019","62","Buy"
"1","1591","1746","2021-04-16 03:43:45.973","1021","42","Buy"
"1","1592","1747","2021-04-16 03:43:49.860","1022","36","Sell"
"1","1593","-1747","2021-04-16 03:43:50.269","1022","0","Sell"
"1","1594","-1718","2021-04-16 03:43:53.853","1024","0","Sell"
"1","1595","-1745","2021-04-16 03:43:54.081","1019","0","Buy"
"1","1596","-1746","2021-04-16 03:43:54.083","1021","0","Buy"
"1","1597","-1744","2021-04-16 03:43:54.494","1024","0","Sell"
"1","1598","1753","2021-04-16 03:43:54.970","0","52","Sell"
"1","1599","-1743","2021-04-16 03:43:55.175","1020","0","Buy"
"1","1600","1755","2021-04-16 03:43:55.495","1018","49","Buy"
"1","1601","1756","2021-04-16 03:43:55.606","1024","54","Sell"
"1","1602","1757","2021-04-16 03:43:56.457","1018","24","Buy"
"1","1603","1758","2021-04-16 03:43:56.785","1024","55","Sell"
"1","1604","1759","2021-04-16 03:43:56.929","1024","70","Sell"
"1","1605","-1742","2021-04-16 03:43:58.377","1019","0","Buy"
"1","1606","1761","2021-04-16 03:43:59.535","1024","244","Sell"
"1","1607","1762","2021-04-16 03:43:59.628","0","57","Sell"
"1","1608","1763","2021-04-16 03:43:59.815","1022","26","Sell"
"1","1609","1764","2021-04-16 03:44:00.136","0","270","Sell"
"1","1610","1768","2021-04-16 03:44:02.686","1019","56","Buy"
"1","1611","-1763","2021-04-16 03:44:04.426","1022","0","Sell"
"1","1612","1771","2021-04-16 03:44:04.584","0","56","Buy"
"1","1613","-1768","2021-04-16 03:44:04.926","1019","0","Buy"
"1","1614","-1740","2021-04-16 03:44:05.003","1023","0","Sell"
"1","1615","-1737","2021-04-16 03:44:11.116","1025","0","Sell"
"1","1616","1777","2021-04-16 03:44:12.362","1019","33","Buy"
"1","1617","-1739","2021-04-16 03:44:14.981","1025","0","Sell"
"1","1618","1781","2021-04-16 03:44:16.199","0","107","Buy"
"1","1619","1783","2021-04-16 03:44:19.643","0","51","Buy"
"1","1620","-1761","2021-04-16 03:44:20.148","1024","0","Sell"
"1","1621","1785","2021-04-16 03:44:24.031","1023","65","Sell"
"1","1622","1786","2021-04-16 03:44:25.981","1018","35","Buy"
"1","1623","1787","2021-04-16 03:44:26.363","1020","43","Buy"
"1","1624","1788","2021-04-16 03:44:27.113","1019","53","Buy"
"1","1625","1789","2021-04-16 03:44:29.121","0","107","Buy"
"1","1626","1790","2021-04-16 03:44:29.744","1019","56","Buy"
"1","1627","-1790","2021-04-16 03:44:31.413","1019","0","Buy"
"1","1628","1792","2021-04-16 03:44:32.093","1019","70","Buy"
"1","1629","1793","2021-04-16 03:44:32.360","1026","24","Sell"
"1","1630","1794","2021-04-16 03:44:32.919","1025","113","Sell"
"1","1631","-1777","2021-04-16 03:44:33.711","1019","0","Buy"
"1","1632","1796","2021-04-16 03:44:33.918","0","106","Buy"
"1","1633","1797","2021-04-16 03:44:34.570","1024","48","Sell"
"1","1634","-1793","2021-04-16 03:44:34.870","1026","0","Sell"
"1","1635","-1794","2021-04-16 03:44:39.484","1025","0","Sell"
"1","1636","-1797","2021-04-16 03:44:43.809","1024","0","Sell"
"1","1637","-1787","2021-04-16 03:44:45.392","1020","0","Buy"
"1","1638","1803","2021-04-16 03:44:47.259","1022","41","Sell"
"1","1639","1804","2021-04-16 03:44:47.984","1023","140","Sell"
"1","1640","1805","2021-04-16 03:44:50.081","0","2167","Buy"
"1","1641","1806","2021-04-16 03:44:50.664","1018","183","Buy"
"1","1642","1808","2021-04-16 03:44:52.980","1020","23","Buy"
"1","1643","1809","2021-04-16 03:44:53.093","1021","23","Buy"
"1","1644","1812","2021-04-16 03:44:55.959","1022","84","Buy"
