"SecurityId","OrderId","ClientOrderId","DateTime","Price","Volume","Side"
"1","1","1","2021-04-14 11:50:59.001","51","618","Sell"
"1","2","2","2021-04-14 11:51:07.820","49","62","Buy"
"1","3","3","2021-04-14 11:51:09.339","0","36","Sell"
"1","4","-2","2021-04-14 11:51:11.998","49","0","Buy"
"1","5","5","2021-04-14 11:51:12.281","50","37","Sell"
"1","6","6","2021-04-14 11:51:18.770","49","175","Sell"
"1","7","-5","2021-04-14 11:51:19.071","50","0","Sell"
"1","8","8","2021-04-14 11:51:21.779","39","50","Buy"
"1","9","9","2021-04-14 11:51:27.468","40","22","Buy"
"1","10","-6","2021-04-14 11:51:28.672","49","0","Sell"
"1","11","11","2021-04-14 11:51:30.784","52","21","Sell"
"1","12","12","2021-04-14 11:51:31.331","41","42","Buy"
"1","13","13","2021-04-14 11:51:31.375","50","122","Sell"
"1","14","14","2021-04-14 11:51:31.665","0","21","Sell"
"1","15","15","2021-04-14 11:51:33.250","49","28","Sell"
"1","16","16","2021-04-14 11:51:33.558","50","25","Sell"
"1","17","17","2021-04-14 11:51:34.004","40","37","Buy"
"1","18","18","2021-04-14 11:51:34.289","42","22","Buy"
"1","19","19","2021-04-14 11:51:37.870","48","54","Sell"
"1","20","20","2021-04-14 11:51:38.636","43","22","Buy"
"1","21","21","2021-04-14 11:51:39.737","42","53","Buy"
"1","22","22","2021-04-14 11:51:41.335","44","2235","Buy"
"1","23","23","2021-04-14 11:51:41.495","43","42","Buy"
"1","24","-23","2021-04-14 11:51:46.153","43","0","Buy"
"1","25","-22","2021-04-14 11:51:54.136","44","0","Buy"
"1","26","-1","2021-04-14 11:52:02.632","51","0","Sell"
"1","27","27","2021-04-14 11:52:05.527","0","138","Sell"
"1","28","-8","2021-04-14 11:52:07.129","39","0","Buy"
"1","29","-11","2021-04-14 11:52:07.246","52","0","Sell"
"1","30","-15","2021-04-14 11:52:09.435","49","0","Sell"
"1","31","-19","2021-04-14 11:52:10.520","48","0","Sell"
"1","32","34","2021-04-14 11:52:15.675","0","30","Sell"
"1","33","35","2021-04-14 11:52:16.552","39","171","Buy"
"1","34","36","2021-04-14 11:52:16.685","39","36","Buy"
"1","35","38","2021-04-14 11:52:18.786","51","47","Sell"
"1","36","-17","2021-04-14 11:52:20.208","40","0","Buy"
"1","37","40","2021-04-14 11:52:20.369","51","40","Sell"
"1","38","41","2021-04-14 11:52:21.638","40","64","Buy"
"1","39","42","2021-04-14 11:52:23.692","49","24","Sell"
"1","40","43","2021-04-14 11:52:24.773","48","31","Sell"
"1","41","-43","2021-04-14 11:52:25.347","48","0","Sell"
"1","42","45","2021-04-14 11:52:26.944","39","28","Buy"
"1","43","-38","2021-04-14 11:52:29.042","51","0","Sell"
"1","44","-41","2021-04-14 11:52:29.464","40","0","Buy"
"1","45","48","2021-04-14 11:52:29.760","38","53","Buy"
"1","46","-45","2021-04-14 11:52:30.189","39","0","Buy"
"1","47","50","2021-04-14 11:52:33.197","50","27","Sell"
"1","48","51","2021-04-14 11:52:33.693","50","22","Sell"
"1","49","52","2021-04-14 11:52:36.310","38","90","Buy"
"1","50","53","2021-04-14 11:52:37.556","0","48","Buy"
"1","51","54","2021-04-14 11:52:37.723","49","22","Sell"
"1","52","55","2021-04-14 11:52:38.119","0","29","Buy"
"1","53","56","2021-04-14 11:52:38.200","40","27","Buy"
"1","54","-40","2021-04-14 11:52:38.923","51","0","Sell"
"1","55","-48","2021-04-14 11:52:39.987","38","0","Buy"
"1","56","-35","2021-04-14 11:52:40.002","39","0","Buy"
"1","57","61","2021-04-14 11:52:42.240","41","55","Buy"
"1","58","62","2021-04-14 11:52:42.354","42","23","Buy"
"1","59","63","2021-04-14 11:52:42.948","49","62","Sell"
"1","60","64","2021-04-14 11:52:43.078","43","156","Buy"
"1","61","-61","2021-04-14 11:52:43.109","41","0","Buy"
"1","62","66","2021-04-14 11:52:43.527","0","26","Sell"
"1","63","67","2021-04-14 11:52:43.633","0","36","Buy"
"1","64","-13","2021-04-14 11:52:44.380","50","0","Sell"
"1","65","69","2021-04-14 11:52:44.674","42","24","Buy"
"1","66","-51","2021-04-14 11:52:44.730","50","0","Sell"
"1","67","71","2021-04-14 11:52:45.319","42","29","Buy"
"1","68","72","2021-04-14 11:52:45.930","48","117","Sell"
"1","69","-52","2021-04-14 11:52:46.042","38","0","Buy"
"1","70","74","2021-04-14 11:52:47.033","0","24","Buy"
"1","71","-72","2021-04-14 11:52:47.129","48","0","Sell"
"1","72","76","2021-04-14 11:52:47.695","50","28","Sell"
"1","73","77","2021-04-14 11:52:47.857","0","105","Sell"
"1","74","-64","2021-04-14 11:52:48.263","43","0","Buy"
"1","75","79","2021-04-14 11:52:48.619","50","39","Sell"
"1","76","80","2021-04-14 11:52:48.819","43","21","Buy"
"1","77","-63","2021-04-14 11:52:49.010","49","0","Sell"
"1","78","82","2021-04-14 11:52:49.829","49","26","Sell"
"1","79","83","2021-04-14 11:52:50.150","48","31","Sell"
"1","80","84","2021-04-14 11:52:50.363","47","62","Sell"
"1","81","85","2021-04-14 11:52:50.620","46","68","Sell"
"1","82","86","2021-04-14 11:52:50.677","47","25","Sell"
"1","83","-85","2021-04-14 11:52:52.425","46","0","Sell"
"1","84","88","2021-04-14 11:52:52.427","48","33","Sell"
"1","85","89","2021-04-14 11:52:52.456","46","97","Sell"
"1","86","-16","2021-04-14 11:52:53.254","50","0","Sell"
"1","87","-89","2021-04-14 11:52:53.928","46","0","Sell"
"1","88","92","2021-04-14 11:52:54.103","46","83","Sell"
"1","89","-82","2021-04-14 11:52:54.259","49","0","Sell"
"1","90","-80","2021-04-14 11:52:54.541","43","0","Buy"
"1","91","-36","2021-04-14 11:52:54.861","39","0","Buy"
"1","92","96","2021-04-14 11:52:55.647","41","220","Buy"
"1","93","-62","2021-04-14 11:52:55.877","42","0","Buy"
"1","94","-92","2021-04-14 11:52:56.082","46","0","Sell"
"1","95","-83","2021-04-14 11:52:56.784","48","0","Sell"
"1","96","100","2021-04-14 11:52:56.952","48","174","Sell"
"1","97","-88","2021-04-14 11:52:58.160","48","0","Sell"
"1","98","102","2021-04-14 11:52:58.236","46","47","Sell"
"1","99","103","2021-04-14 11:52:58.320","47","13418","Sell"
"1","100","104","2021-04-14 11:53:00.018","0","24","Sell"
"1","101","105","2021-04-14 11:53:00.349","47","23","Sell"
"1","102","106","2021-04-14 11:53:03.100","43","23","Buy"
"1","103","-50","2021-04-14 11:53:03.329","50","0","Sell"
"1","104","-106","2021-04-14 11:53:04.528","43","0","Buy"
"1","105","109","2021-04-14 11:53:04.947","43","46","Buy"
"1","106","110","2021-04-14 11:53:05.020","42","32","Buy"
"1","107","-56","2021-04-14 11:53:08.636","40","0","Buy"
"1","108","112","2021-04-14 11:53:10.307","44","20","Buy"
"1","109","113","2021-04-14 11:53:10.864","45","42","Buy"
"1","110","114","2021-04-14 11:53:10.948","44","105","Buy"
"1","111","115","2021-04-14 11:53:12.691","44","29","Buy"
"1","112","-102","2021-04-14 11:53:31.577","46","0","Sell"
"1","113","-113","2021-04-14 11:53:31.720","45","0","Buy"
"1","114","118","2021-04-14 11:53:35.267","43","21","Buy"
"1","115","119","2021-04-14 11:53:54.055","48","46","Sell"
"1","116","-118","2021-04-14 11:54:00.767","43","0","Buy"
"1","117","-79","2021-04-14 11:54:00.776","50","0","Sell"
"1","118","122","2021-04-14 11:54:01.801","45","125","Buy"
"1","119","123","2021-04-14 11:54:07.173","46","35","Sell"
"1","120","124","2021-04-14 11:54:07.278","44","99","Buy"
"1","121","125","2021-04-14 11:54:08.493","45","42","Buy"
"1","122","126","2021-04-14 11:54:08.726","0","58","Sell"
"1","123","127","2021-04-14 11:54:09.460","45","22","Buy"
"1","124","128","2021-04-14 11:54:11.090","46","45","Sell"
"1","125","129","2021-04-14 11:54:18.710","47","112","Sell"
"1","126","130","2021-04-14 11:54:19.835","0","445","Sell"
"1","127","131","2021-04-14 11:54:21.008","0","85","Buy"
"1","128","132","2021-04-14 11:54:21.166","43","27","Buy"
"1","129","133","2021-04-14 11:54:24.552","48","44","Sell"
"1","130","134","2021-04-14 11:54:29.248","0","202","Buy"
"1","131","135","2021-04-14 11:54:37.116","44","66","Buy"
"1","132","-133","2021-04-14 11:54:39.352","48","0","Sell"
"1","133","-135","2021-04-14 11:54:39.580","44","0","Buy"
"1","134","-105","2021-04-14 11:54:42.570","47","0","Sell"
"1","135","139","2021-04-14 11:54:43.005","44","38","Buy"
"1","136","-103","2021-04-14 11:54:44.096","47","0","Sell"
"1","137","141","2021-04-14 11:54:47.866","48","281","Sell"
"1","138","142","2021-04-14 11:54:48.751","43","113","Buy"
"1","139","-129","2021-04-14 11:54:48.993","47","0","Sell"
"1","140","144","2021-04-14 11:54:50.021","47","27","Sell"
"1","141","145","2021-04-14 11:54:51.583","43","27","Buy"
"1","142","146","2021-04-14 11:54:53.210","0","63","Sell"
"1","143","-132","2021-04-14 11:54:53.529","43","0","Buy"
"1","144","148","2021-04-14 11:54:53.893","42","9006","Buy"
"1","145","149","2021-04-14 11:54:54.417","48","83","Sell"
"1","146","-100","2021-04-14 11:54:55.196","48","0","Sell"
"1","147","-142","2021-04-14 11:55:00.759","43","0","Buy"
"1","148","152","2021-04-14 11:55:01.469","46","27","Sell"
"1","149","153","2021-04-14 11:55:01.479","45","40","Sell"
"1","150","154","2021-04-14 11:55:01.737","44","27","Sell"
"1","151","155","2021-04-14 11:55:03.261","0","29","Buy"
"1","152","-145","2021-04-14 11:55:04.060","43","0","Buy"
"1","153","157","2021-04-14 11:55:06.851","41","35","Buy"
"1","154","158","2021-04-14 11:55:09.537","43","70","Buy"
"1","155","159","2021-04-14 11:55:10.807","46","32","Sell"
"1","156","160","2021-04-14 11:55:13.709","46","137","Sell"
"1","157","161","2021-04-14 11:55:14.089","44","100","Sell"
"1","158","162","2021-04-14 11:55:17.400","45","30","Sell"
"1","159","-141","2021-04-14 11:55:17.533","48","0","Sell"
"1","160","-71","2021-04-14 11:55:17.562","42","0","Buy"
"1","161","-96","2021-04-14 11:55:18.137","41","0","Buy"
"1","162","166","2021-04-14 11:55:19.510","43","272","Buy"
"1","163","167","2021-04-14 11:55:22.165","44","51","Sell"
"1","164","168","2021-04-14 11:55:22.987","45","216","Sell"
"1","165","-158","2021-04-14 11:55:23.202","43","0","Buy"
"1","166","170","2021-04-14 11:55:23.514","42","21","Buy"
"1","167","171","2021-04-14 11:55:24.677","43","29","Buy"
"1","168","-166","2021-04-14 11:55:24.681","43","0","Buy"
"1","169","173","2021-04-14 11:55:27.000","44","24","Sell"
"1","170","174","2021-04-14 11:55:28.454","42","27","Buy"
"1","171","-171","2021-04-14 11:55:28.523","43","0","Buy"
"1","172","176","2021-04-14 11:55:29.112","0","30","Buy"
"1","173","-170","2021-04-14 11:55:31.492","42","0","Buy"
"1","174","-148","2021-04-14 11:55:32.841","42","0","Buy"
"1","175","-173","2021-04-14 11:55:32.994","44","0","Sell"
"1","176","180","2021-04-14 11:55:35.274","43","24","Sell"
"1","177","-157","2021-04-14 11:55:38.652","41","0","Buy"
"1","178","-160","2021-04-14 11:55:39.145","46","0","Sell"
"1","179","-174","2021-04-14 11:55:39.849","42","0","Buy"
"1","180","184","2021-04-14 11:55:40.459","0","20","Buy"
"1","181","185","2021-04-14 11:55:41.111","42","96","Buy"
"1","182","-110","2021-04-14 11:55:43.229","42","0","Buy"
"1","183","-185","2021-04-14 11:55:44.823","42","0","Buy"
"1","184","188","2021-04-14 11:55:45.773","0","61","Buy"
"1","185","189","2021-04-14 11:55:45.898","36","79","Buy"
"1","186","190","2021-04-14 11:55:46.155","37","24","Buy"
"1","187","191","2021-04-14 11:55:47.229","38","33","Buy"
"1","188","-161","2021-04-14 11:55:47.615","44","0","Sell"
"1","189","193","2021-04-14 11:55:48.321","0","42","Buy"
"1","190","194","2021-04-14 11:55:48.919","43","27","Sell"
"1","191","-162","2021-04-14 11:55:51.116","45","0","Sell"
"1","192","196","2021-04-14 11:55:52.385","37","109","Buy"
"1","193","197","2021-04-14 11:55:52.684","42","37","Sell"
"1","194","-167","2021-04-14 11:55:52.966","44","0","Sell"
"1","195","-191","2021-04-14 11:55:53.137","38","0","Buy"
"1","196","200","2021-04-14 11:55:54.621","41","58","Sell"
"1","197","201","2021-04-14 11:55:57.153","42","26","Sell"
"1","198","-201","2021-04-14 11:55:58.309","42","0","Sell"
"1","199","-189","2021-04-14 11:56:01.502","36","0","Buy"
"1","200","-200","2021-04-14 11:56:01.628","41","0","Sell"
"1","201","205","2021-04-14 11:56:01.787","38","187","Buy"
"1","202","-190","2021-04-14 11:56:05.720","37","0","Buy"
"1","203","207","2021-04-14 11:56:06.821","43","99","Sell"
"1","204","208","2021-04-14 11:56:10.365","39","145","Buy"
"1","205","-205","2021-04-14 11:56:10.748","38","0","Buy"
"1","206","-208","2021-04-14 11:56:18.940","39","0","Buy"
"1","207","211","2021-04-14 11:56:22.332","0","57","Sell"
"1","208","-196","2021-04-14 11:56:27.211","37","0","Buy"
"1","209","213","2021-04-14 11:56:28.569","41","49","Sell"
"1","210","214","2021-04-14 11:56:28.576","0","42","Buy"
"1","211","215","2021-04-14 11:56:28.672","36","52","Buy"
"1","212","216","2021-04-14 11:56:29.332","42","51","Sell"
"1","213","-216","2021-04-14 11:56:31.084","42","0","Sell"
"1","214","219","2021-04-14 11:56:32.687","42","45","Sell"
"1","215","-213","2021-04-14 11:56:33.348","41","0","Sell"
"1","216","221","2021-04-14 11:56:55.755","35","42","Buy"
"1","217","222","2021-04-14 11:57:06.656","41","49","Sell"
"1","218","223","2021-04-14 11:57:08.724","37","29","Buy"
"1","219","224","2021-04-14 11:57:12.695","0","22","Sell"
"1","220","225","2021-04-14 11:57:12.830","0","226","Buy"
"1","221","-207","2021-04-14 11:57:13.339","43","0","Sell"
"1","222","-144","2021-04-14 11:57:15.005","47","0","Sell"
"1","223","228","2021-04-14 11:57:15.085","44","45","Sell"
"1","224","-228","2021-04-14 11:57:15.964","44","0","Sell"
"1","225","-215","2021-04-14 11:57:16.407","36","0","Buy"
"1","226","231","2021-04-14 11:57:17.384","44","88","Sell"
"1","227","232","2021-04-14 11:57:20.897","43","21","Sell"
"1","228","-223","2021-04-14 11:57:21.291","37","0","Buy"
"1","229","234","2021-04-14 11:57:22.977","34","21","Buy"
"1","230","-234","2021-04-14 11:57:23.314","34","0","Buy"
"1","231","-221","2021-04-14 11:57:24.885","35","0","Buy"
"1","232","-153","2021-04-14 11:57:31.699","45","0","Sell"
"1","233","-232","2021-04-14 11:57:32.589","43","0","Sell"
"1","234","239","2021-04-14 11:57:33.756","43","64","Buy"
"1","235","240","2021-04-14 11:57:34.561","44","21","Sell"
"1","236","241","2021-04-14 11:57:35.691","43","27","Buy"
"1","237","243","2021-04-14 11:57:38.675","43","28","Buy"
"1","238","244","2021-04-14 11:57:41.169","43","24","Buy"
"1","239","245","2021-04-14 11:57:41.898","44","54","Sell"
"1","240","-240","2021-04-14 11:57:42.941","44","0","Sell"
"1","241","247","2021-04-14 11:57:43.364","42","72","Buy"
"1","242","248","2021-04-14 11:57:45.513","42","174","Buy"
"1","243","249","2021-04-14 11:57:45.526","45","28","Sell"
"1","244","250","2021-04-14 11:57:45.611","0","78","Buy"
"1","245","251","2021-04-14 11:57:46.842","0","54","Buy"
"1","246","252","2021-04-14 11:57:56.985","44","22","Sell"
"1","247","-248","2021-04-14 11:57:58.156","42","0","Buy"
"1","248","254","2021-04-14 11:57:58.270","44","24","Sell"
"1","249","-254","2021-04-14 11:57:59.597","44","0","Sell"
"1","250","-252","2021-04-14 11:58:00.640","44","0","Sell"
"1","251","257","2021-04-14 11:58:02.445","44","33","Sell"
"1","252","258","2021-04-14 11:58:02.635","0","46","Sell"
"1","253","259","2021-04-14 11:58:07.519","43","59","Buy"
"1","254","260","2021-04-14 11:58:10.858","45","21","Sell"
"1","255","261","2021-04-14 11:58:42.228","42","23","Buy"
"1","256","262","2021-04-14 11:58:43.253","43","67","Buy"
"1","257","-243","2021-04-14 11:58:43.368","43","0","Buy"
"1","258","-247","2021-04-14 11:58:43.471","42","0","Buy"
"1","259","265","2021-04-14 11:58:44.257","42","30","Buy"
"1","260","-241","2021-04-14 11:58:44.420","43","0","Buy"
"1","261","267","2021-04-14 11:58:44.648","45","28","Sell"
"1","262","268","2021-04-14 11:58:46.628","42","114","Buy"
"1","263","269","2021-04-14 11:58:48.050","0","35","Sell"
"1","264","270","2021-04-14 11:58:49.853","44","697","Sell"
"1","265","-159","2021-04-14 11:58:50.070","46","0","Sell"
"1","266","-152","2021-04-14 11:58:50.647","46","0","Sell"
"1","267","-259","2021-04-14 11:58:51.106","43","0","Buy"
"1","268","274","2021-04-14 11:58:51.587","44","31","Sell"
"1","269","275","2021-04-14 11:58:52.370","43","35","Buy"
"1","270","-275","2021-04-14 11:58:52.507","43","0","Buy"
"1","271","277","2021-04-14 11:58:53.309","0","23","Sell"
"1","272","-257","2021-04-14 11:58:54.437","44","0","Sell"
"1","273","279","2021-04-14 11:58:54.443","42","261","Buy"
"1","274","-274","2021-04-14 11:58:54.662","44","0","Sell"
"1","275","-268","2021-04-14 11:58:54.673","42","0","Buy"
"1","276","282","2021-04-14 11:58:55.707","42","24","Buy"
"1","277","283","2021-04-14 11:58:56.319","43","39","Buy"
"1","278","-283","2021-04-14 11:58:58.188","43","0","Buy"
"1","279","285","2021-04-14 11:58:58.567","43","30","Buy"
"1","280","286","2021-04-14 11:58:58.796","43","29","Buy"
"1","281","-119","2021-04-14 11:58:59.201","48","0","Sell"
"1","282","288","2021-04-14 11:58:59.299","42","1077","Buy"
"1","283","289","2021-04-14 11:59:00.924","44","32","Sell"
"1","284","290","2021-04-14 11:59:01.296","42","180","Buy"
"1","285","291","2021-04-14 11:59:01.548","44","22","Sell"
"1","286","-285","2021-04-14 11:59:01.870","43","0","Buy"
"1","287","293","2021-04-14 11:59:01.999","0","36","Buy"
"1","288","294","2021-04-14 11:59:02.143","45","25","Sell"
"1","289","295","2021-04-14 11:59:02.439","43","33","Buy"
"1","290","296","2021-04-14 11:59:02.473","0","61","Buy"
"1","291","297","2021-04-14 11:59:02.558","42","39","Buy"
"1","292","298","2021-04-14 11:59:04.109","0","31","Sell"
"1","293","-289","2021-04-14 11:59:04.193","44","0","Sell"
"1","294","-294","2021-04-14 11:59:04.232","45","0","Sell"
"1","295","301","2021-04-14 11:59:04.737","0","45","Sell"
"1","296","302","2021-04-14 11:59:04.832","0","20","Sell"
"1","297","303","2021-04-14 11:59:06.101","42","31","Buy"
"1","298","304","2021-04-14 11:59:06.584","44","108","Sell"
"1","299","305","2021-04-14 11:59:06.999","43","68","Buy"
"1","300","-304","2021-04-14 11:59:07.092","44","0","Sell"
"1","301","307","2021-04-14 11:59:07.592","42","22","Buy"
"1","302","308","2021-04-14 11:59:07.594","44","22","Sell"
"1","303","309","2021-04-14 11:59:09.260","45","37","Sell"
"1","304","-282","2021-04-14 11:59:09.861","42","0","Buy"
"1","305","-309","2021-04-14 11:59:12.740","45","0","Sell"
"1","306","-270","2021-04-14 11:59:13.110","44","0","Sell"
"1","307","313","2021-04-14 11:59:13.134","45","39","Sell"
"1","308","314","2021-04-14 11:59:13.969","44","22","Sell"
"1","309","-291","2021-04-14 11:59:14.959","44","0","Sell"
"1","310","316","2021-04-14 11:59:17.334","42","53","Buy"
"1","311","-305","2021-04-14 11:59:17.798","43","0","Buy"
"1","312","318","2021-04-14 11:59:18.507","44","23","Sell"
"1","313","-288","2021-04-14 11:59:21.290","42","0","Buy"
"1","314","320","2021-04-14 11:59:21.765","42","20","Buy"
"1","315","321","2021-04-14 11:59:23.922","44","79","Sell"
"1","316","322","2021-04-14 11:59:26.539","44","104","Sell"
"1","317","323","2021-04-14 11:59:26.782","0","26","Buy"
"1","318","324","2021-04-14 11:59:28.502","0","206","Sell"
"1","319","325","2021-04-14 11:59:30.289","41","23","Buy"
"1","320","-325","2021-04-14 11:59:30.445","41","0","Buy"
"1","321","-297","2021-04-14 11:59:31.293","42","0","Buy"
"1","322","-168","2021-04-14 11:59:35.231","45","0","Sell"
"1","323","-260","2021-04-14 11:59:39.217","45","0","Sell"
"1","324","330","2021-04-14 11:59:40.859","41","26","Buy"
"1","325","-330","2021-04-14 11:59:41.925","41","0","Buy"
"1","326","332","2021-04-14 11:59:42.631","43","88","Sell"
"1","327","333","2021-04-14 11:59:46.049","41","37","Buy"
"1","328","334","2021-04-14 11:59:46.776","0","21","Sell"
"1","329","335","2021-04-14 11:59:48.123","44","181","Sell"
"1","330","336","2021-04-14 11:59:49.539","41","23","Buy"
"1","331","337","2021-04-14 11:59:50.677","43","32","Sell"
"1","332","338","2021-04-14 11:59:50.804","0","60","Buy"
"1","333","339","2021-04-14 11:59:53.418","43","65","Sell"
"1","334","-337","2021-04-14 11:59:54.127","43","0","Sell"
"1","335","341","2021-04-14 11:59:55.681","43","30","Sell"
"1","336","-149","2021-04-14 11:59:55.898","48","0","Sell"
"1","337","343","2021-04-14 11:59:55.947","41","50","Buy"
"1","338","344","2021-04-14 11:59:56.114","43","102","Sell"
"1","339","345","2021-04-14 11:59:56.303","0","35","Buy"
"1","340","346","2021-04-14 11:59:57.193","41","31","Buy"
"1","341","-341","2021-04-14 11:59:59.476","43","0","Sell"
"1","342","348","2021-04-14 12:00:00.111","42","25","Buy"
"1","343","349","2021-04-14 12:00:00.661","44","25","Sell"
"1","344","350","2021-04-14 12:00:00.846","42","23","Buy"
"1","345","-346","2021-04-14 12:00:00.943","41","0","Buy"
"1","346","352","2021-04-14 12:00:01.758","44","53","Sell"
"1","347","-350","2021-04-14 12:00:02.498","42","0","Buy"
"1","348","-76","2021-04-14 12:00:03.060","50","0","Sell"
"1","349","355","2021-04-14 12:00:07.202","41","33","Buy"
"1","350","-320","2021-04-14 12:00:07.464","42","0","Buy"
"1","351","357","2021-04-14 12:00:08.010","43","21","Sell"
"1","352","-290","2021-04-14 12:00:11.863","42","0","Buy"
"1","353","-336","2021-04-14 12:00:12.354","41","0","Buy"
"1","354","360","2021-04-14 12:00:12.465","44","247","Sell"
"1","355","361","2021-04-14 12:00:12.982","43","87","Sell"
"1","356","-343","2021-04-14 12:00:13.628","41","0","Buy"
"1","357","363","2021-04-14 12:00:14.652","43","21","Sell"
"1","358","-363","2021-04-14 12:00:15.070","43","0","Sell"
"1","359","365","2021-04-14 12:00:17.225","0","59","Buy"
"1","360","366","2021-04-14 12:00:21.054","43","81","Sell"
"1","361","367","2021-04-14 12:00:22.044","44","22","Sell"
"1","362","-279","2021-04-14 12:00:30.666","42","0","Buy"
"1","363","-361","2021-04-14 12:00:31.023","43","0","Sell"
"1","364","370","2021-04-14 12:00:31.465","41","51","Buy"
"1","365","371","2021-04-14 12:00:31.508","44","21","Sell"
"1","366","372","2021-04-14 12:00:33.026","41","49","Buy"
"1","367","373","2021-04-14 12:00:34.823","0","122","Sell"
"1","368","-366","2021-04-14 12:00:41.522","43","0","Sell"
"1","369","-249","2021-04-14 12:00:43.245","45","0","Sell"
"1","370","-352","2021-04-14 12:00:45.807","44","0","Sell"
"1","371","-344","2021-04-14 12:00:47.313","43","0","Sell"
"1","372","-360","2021-04-14 12:00:47.658","44","0","Sell"
"1","373","379","2021-04-14 12:00:47.938","0","77","Buy"
"1","374","-322","2021-04-14 12:00:48.016","44","0","Sell"
"1","375","381","2021-04-14 12:00:50.035","41","40","Buy"
"1","376","382","2021-04-14 12:00:52.056","43","31","Sell"
"1","377","-335","2021-04-14 12:00:54.390","44","0","Sell"
"1","378","384","2021-04-14 12:00:55.837","44","106","Sell"
"1","379","385","2021-04-14 12:00:56.658","43","25","Sell"
"1","380","386","2021-04-14 12:00:56.730","42","3369","Buy"
"1","381","387","2021-04-14 12:00:56.767","0","31","Sell"
"1","382","-386","2021-04-14 12:00:57.332","42","0","Buy"
"1","383","389","2021-04-14 12:00:57.475","40","79","Buy"
"1","384","-313","2021-04-14 12:00:57.800","45","0","Sell"
"1","385","391","2021-04-14 12:00:59.972","44","41","Sell"
"1","386","392","2021-04-14 12:01:00.595","42","25","Buy"
"1","387","-370","2021-04-14 12:01:00.754","41","0","Buy"
"1","388","-355","2021-04-14 12:01:01.666","41","0","Buy"
"1","389","-382","2021-04-14 12:01:02.110","43","0","Sell"
"1","390","396","2021-04-14 12:01:02.152","0","1216","Buy"
"1","391","397","2021-04-14 12:01:02.491","41","181","Buy"
"1","392","398","2021-04-14 12:01:02.805","41","115","Buy"
"1","393","399","2021-04-14 12:01:03.251","43","22","Buy"
"1","394","400","2021-04-14 12:01:03.550","48","9334","Sell"
"1","395","401","2021-04-14 12:01:03.916","49","28","Sell"
"1","396","402","2021-04-14 12:01:05.078","47","44","Sell"
"1","397","403","2021-04-14 12:01:05.309","44","29","Buy"
"1","398","404","2021-04-14 12:01:05.683","48","38","Sell"
"1","399","405","2021-04-14 12:01:05.684","0","21","Buy"
"1","400","406","2021-04-14 12:01:06.765","48","53","Sell"
"1","401","-392","2021-04-14 12:01:07.234","42","0","Buy"
"1","402","408","2021-04-14 12:01:07.440","46","34","Sell"
"1","403","409","2021-04-14 12:01:07.500","47","25","Sell"
"1","404","410","2021-04-14 12:01:08.705","45","43","Buy"
"1","405","-410","2021-04-14 12:01:11.530","45","0","Buy"
"1","406","412","2021-04-14 12:01:12.090","45","20","Buy"
"1","407","-412","2021-04-14 12:01:12.790","45","0","Buy"
"1","408","-408","2021-04-14 12:01:15.590","46","0","Sell"
"1","409","415","2021-04-14 12:01:18.141","0","25","Sell"
"1","410","416","2021-04-14 12:01:18.647","43","62","Buy"
"1","411","-401","2021-04-14 12:01:19.476","49","0","Sell"
"1","412","-403","2021-04-14 12:01:20.137","44","0","Buy"
"1","413","-398","2021-04-14 12:01:25.655","41","0","Buy"
"1","414","420","2021-04-14 12:01:26.046","0","20","Buy"
"1","415","-416","2021-04-14 12:01:29.440","43","0","Buy"
"1","416","422","2021-04-14 12:01:30.241","44","47","Buy"
"1","417","423","2021-04-14 12:01:33.169","46","43","Sell"
"1","418","424","2021-04-14 12:01:34.373","0","226","Sell"
"1","419","-423","2021-04-14 12:01:35.549","46","0","Sell"
"1","420","426","2021-04-14 12:01:39.090","46","29","Sell"
"1","421","427","2021-04-14 12:01:39.557","42","24","Buy"
"1","422","428","2021-04-14 12:01:39.978","47","31","Sell"
"1","423","429","2021-04-14 12:01:41.887","43","45","Buy"
"1","424","430","2021-04-14 12:01:42.179","0","65","Buy"
"1","425","431","2021-04-14 12:01:43.362","46","33","Sell"
"1","426","432","2021-04-14 12:01:43.708","47","30","Sell"
"1","427","433","2021-04-14 12:01:44.291","44","315","Buy"
"1","428","434","2021-04-14 12:01:45.441","47","29","Sell"
"1","429","-433","2021-04-14 12:01:45.578","44","0","Buy"
"1","430","-427","2021-04-14 12:01:45.813","42","0","Buy"
"1","431","437","2021-04-14 12:01:46.532","47","29","Sell"
"1","432","438","2021-04-14 12:01:48.069","47","27","Sell"
"1","433","439","2021-04-14 12:01:48.113","44","98","Buy"
"1","434","-431","2021-04-14 12:01:48.794","46","0","Sell"
"1","435","441","2021-04-14 12:01:49.205","0","37","Buy"
"1","436","442","2021-04-14 12:01:49.686","43","92","Buy"
"1","437","443","2021-04-14 12:01:50.343","45","35","Buy"
"1","438","444","2021-04-14 12:01:51.425","46","42","Sell"
"1","439","-444","2021-04-14 12:01:51.801","46","0","Sell"
"1","440","-443","2021-04-14 12:01:52.043","45","0","Buy"
"1","441","-439","2021-04-14 12:01:53.424","44","0","Buy"
"1","442","-397","2021-04-14 12:01:55.036","41","0","Buy"
"1","443","449","2021-04-14 12:01:55.394","44","35","Buy"
"1","444","-438","2021-04-14 12:01:55.527","47","0","Sell"
"1","445","451","2021-04-14 12:02:05.490","0","39","Sell"
"1","446","452","2021-04-14 12:02:15.988","46","30","Sell"
"1","447","453","2021-04-14 12:02:23.079","0","22","Buy"
"1","448","454","2021-04-14 12:02:23.392","44","151","Buy"
"1","449","455","2021-04-14 12:02:27.758","45","50","Sell"
"1","450","456","2021-04-14 12:02:32.697","0","136","Buy"
"1","451","-404","2021-04-14 12:02:32.778","48","0","Sell"
"1","452","458","2021-04-14 12:02:39.341","43","86","Buy"
"1","453","459","2021-04-14 12:02:41.237","0","93","Buy"
"1","454","461","2021-04-14 12:02:44.005","45","4587","Buy"
"1","455","-442","2021-04-14 12:02:44.390","43","0","Buy"
"1","456","-461","2021-04-14 12:02:47.254","45","0","Buy"
"1","457","-458","2021-04-14 12:02:47.271","43","0","Buy"
"1","458","-400","2021-04-14 12:02:48.273","48","0","Sell"
"1","459","467","2021-04-14 12:02:51.347","43","267","Buy"
"1","460","-429","2021-04-14 12:02:51.614","43","0","Buy"
"1","461","469","2021-04-14 12:02:53.164","0","192","Sell"
"1","462","470","2021-04-14 12:02:53.338","42","113","Buy"
"1","463","-467","2021-04-14 12:02:53.507","43","0","Buy"
"1","464","472","2021-04-14 12:02:53.906","41","172","Buy"
"1","465","473","2021-04-14 12:02:54.334","43","20","Buy"
"1","466","476","2021-04-14 12:02:55.652","0","61","Buy"
"1","467","-470","2021-04-14 12:02:55.873","42","0","Buy"
"1","468","-473","2021-04-14 12:02:57.723","43","0","Buy"
"1","469","479","2021-04-14 12:02:57.843","50","345","Sell"
"1","470","-389","2021-04-14 12:02:58.740","40","0","Buy"
"1","471","-479","2021-04-14 12:03:01.664","50","0","Sell"
"1","472","484","2021-04-14 12:03:02.286","40","29","Buy"
"1","473","485","2021-04-14 12:03:04.423","40","24","Buy"
"1","474","-472","2021-04-14 12:03:04.964","41","0","Buy"
"1","475","487","2021-04-14 12:03:05.587","39","28","Buy"
"1","476","489","2021-04-14 12:03:06.710","0","84","Sell"
"1","477","491","2021-04-14 12:03:08.594","42","117","Sell"
"1","478","492","2021-04-14 12:03:08.979","43","24","Sell"
"1","479","494","2021-04-14 12:03:09.741","0","21","Buy"
"1","480","497","2021-04-14 12:03:14.369","0","21","Buy"
"1","481","498","2021-04-14 12:03:15.006","41","32","Sell"
"1","482","500","2021-04-14 12:03:16.121","33","50","Buy"
"1","483","502","2021-04-14 12:03:16.173","34","34","Buy"
"1","484","503","2021-04-14 12:03:17.568","42","23","Sell"
"1","485","-498","2021-04-14 12:03:17.956","41","0","Sell"
"1","486","505","2021-04-14 12:03:18.802","43","33","Sell"
"1","487","506","2021-04-14 12:03:19.441","41","47","Sell"
"1","488","507","2021-04-14 12:03:19.817","35","51","Buy"
"1","489","508","2021-04-14 12:03:20.110","40","30","Sell"
"1","490","509","2021-04-14 12:03:21.024","34","456","Buy"
"1","491","510","2021-04-14 12:03:21.311","0","100","Buy"
"1","492","-507","2021-04-14 12:03:21.544","35","0","Buy"
"1","493","-503","2021-04-14 12:03:22.168","42","0","Sell"
"1","494","-491","2021-04-14 12:03:22.306","42","0","Sell"
"1","495","514","2021-04-14 12:03:22.818","33","23","Buy"
"1","496","516","2021-04-14 12:03:24.210","33","76","Buy"
"1","497","-500","2021-04-14 12:03:25.111","33","0","Buy"
"1","498","518","2021-04-14 12:03:25.116","44","21","Sell"
"1","499","-509","2021-04-14 12:03:25.888","34","0","Buy"
"1","500","520","2021-04-14 12:03:26.087","44","44","Sell"
"1","501","-492","2021-04-14 12:03:27.126","43","0","Sell"
"1","502","522","2021-04-14 12:03:27.149","44","24","Sell"
"1","503","523","2021-04-14 12:03:27.707","42","36","Sell"
"1","504","524","2021-04-14 12:03:28.568","35","31","Buy"
"1","505","-524","2021-04-14 12:03:28.594","35","0","Buy"
"1","506","526","2021-04-14 12:03:29.575","43","41","Sell"
"1","507","527","2021-04-14 12:03:30.869","33","22","Buy"
"1","508","-502","2021-04-14 12:03:31.319","34","0","Buy"
"1","509","529","2021-04-14 12:03:35.281","32","35","Buy"
"1","510","530","2021-04-14 12:03:35.540","32","27","Buy"
"1","511","531","2021-04-14 12:03:42.471","0","22","Sell"
"1","512","-530","2021-04-14 12:03:46.415","32","0","Buy"
"1","513","-523","2021-04-14 12:03:48.617","42","0","Sell"
"1","514","534","2021-04-14 12:03:51.033","42","41","Sell"
"1","515","-529","2021-04-14 12:03:51.103","32","0","Buy"
"1","516","536","2021-04-14 12:03:51.324","32","74","Buy"
"1","517","537","2021-04-14 12:03:51.786","32","385","Buy"
"1","518","538","2021-04-14 12:03:52.045","43","41","Sell"
"1","519","539","2021-04-14 12:03:53.615","0","71","Sell"
"1","520","540","2021-04-14 12:03:55.186","34","41","Buy"
"1","521","541","2021-04-14 12:03:55.205","41","114","Sell"
"1","522","542","2021-04-14 12:03:55.323","35","120","Buy"
"1","523","-542","2021-04-14 12:03:55.853","35","0","Buy"
"1","524","544","2021-04-14 12:03:56.272","42","30","Sell"
"1","525","545","2021-04-14 12:03:56.669","0","24","Buy"
"1","526","546","2021-04-14 12:03:57.169","42","29","Sell"
"1","527","547","2021-04-14 12:03:57.613","42","690","Sell"
"1","528","548","2021-04-14 12:03:57.623","0","24","Sell"
"1","529","-541","2021-04-14 12:03:58.230","41","0","Sell"
"1","530","550","2021-04-14 12:03:58.270","35","231","Buy"
"1","531","551","2021-04-14 12:03:59.409","36","31","Buy"
"1","532","-516","2021-04-14 12:04:01.444","33","0","Buy"
"1","533","-520","2021-04-14 12:04:01.536","44","0","Sell"
"1","534","554","2021-04-14 12:04:01.785","41","23","Sell"
"1","535","-547","2021-04-14 12:04:01.803","42","0","Sell"
"1","536","-551","2021-04-14 12:04:02.244","36","0","Buy"
"1","537","557","2021-04-14 12:04:03.688","40","25","Sell"
"1","538","558","2021-04-14 12:04:04.806","0","36","Buy"
"1","539","559","2021-04-14 12:04:05.180","36","36","Buy"
"1","540","-554","2021-04-14 12:04:05.307","41","0","Sell"
"1","541","-546","2021-04-14 12:04:06.497","42","0","Sell"
"1","542","562","2021-04-14 12:04:06.719","0","36","Sell"
"1","543","563","2021-04-14 12:04:07.237","43","33","Sell"
"1","544","564","2021-04-14 12:04:07.529","0","22","Buy"
"1","545","565","2021-04-14 12:04:08.189","36","2722","Buy"
"1","546","566","2021-04-14 12:04:08.357","35","34","Buy"
"1","547","-544","2021-04-14 12:04:08.763","42","0","Sell"
"1","548","-540","2021-04-14 12:04:12.192","34","0","Buy"
"1","549","569","2021-04-14 12:04:12.962","0","64","Sell"
"1","550","570","2021-04-14 12:04:15.613","0","118","Sell"
"1","551","-566","2021-04-14 12:04:16.031","35","0","Buy"
"1","552","572","2021-04-14 12:04:16.357","37","23","Buy"
"1","553","573","2021-04-14 12:04:16.544","43","45","Sell"
"1","554","-538","2021-04-14 12:04:16.877","43","0","Sell"
"1","555","575","2021-04-14 12:04:16.894","43","37","Sell"
"1","556","-572","2021-04-14 12:04:17.226","37","0","Buy"
"1","557","577","2021-04-14 12:04:21.890","43","35","Sell"
"1","558","578","2021-04-14 12:04:22.777","41","54","Sell"
"1","559","-573","2021-04-14 12:04:24.803","43","0","Sell"
"1","560","-575","2021-04-14 12:04:25.715","43","0","Sell"
"1","561","581","2021-04-14 12:04:25.962","37","258","Buy"
"1","562","-505","2021-04-14 12:04:27.621","43","0","Sell"
"1","563","583","2021-04-14 12:04:28.409","36","120","Buy"
"1","564","584","2021-04-14 12:04:28.939","40","32","Sell"
"1","565","585","2021-04-14 12:04:29.087","41","41","Sell"
"1","566","586","2021-04-14 12:04:29.760","36","34","Buy"
"1","567","587","2021-04-14 12:04:29.996","39","56","Sell"
"1","568","-584","2021-04-14 12:04:33.404","40","0","Sell"
"1","569","-587","2021-04-14 12:04:35.467","39","0","Sell"
"1","570","590","2021-04-14 12:04:36.736","42","32","Sell"
"1","571","-581","2021-04-14 12:04:36.936","37","0","Buy"
"1","572","-563","2021-04-14 12:04:37.175","43","0","Sell"
"1","573","593","2021-04-14 12:04:37.458","37","43","Buy"
"1","574","594","2021-04-14 12:04:40.674","40","20","Sell"
"1","575","595","2021-04-14 12:04:44.520","38","28","Buy"
"1","576","596","2021-04-14 12:04:47.448","39","55","Sell"
"1","577","597","2021-04-14 12:04:49.165","38","50","Buy"
"1","578","-593","2021-04-14 12:04:49.394","37","0","Buy"
"1","579","599","2021-04-14 12:04:50.268","38","47","Buy"
"1","580","600","2021-04-14 12:04:51.406","37","346","Buy"
"1","581","-599","2021-04-14 12:04:51.834","38","0","Buy"
"1","582","602","2021-04-14 12:04:52.044","39","30","Sell"
"1","583","603","2021-04-14 12:04:52.598","37","50","Buy"
"1","584","-602","2021-04-14 12:04:53.646","39","0","Sell"
"1","585","-597","2021-04-14 12:04:54.132","38","0","Buy"
"1","586","-590","2021-04-14 12:04:56.369","42","0","Sell"
"1","587","607","2021-04-14 12:04:56.561","38","193","Buy"
"1","588","608","2021-04-14 12:04:58.026","38","24","Buy"
"1","589","-596","2021-04-14 12:05:00.613","39","0","Sell"
"1","590","-607","2021-04-14 12:05:00.770","38","0","Buy"
"1","591","-518","2021-04-14 12:05:00.911","44","0","Sell"
"1","592","-594","2021-04-14 12:05:02.025","40","0","Sell"
"1","593","613","2021-04-14 12:05:02.687","42","22","Sell"
"1","594","614","2021-04-14 12:05:04.921","0","29","Sell"
"1","595","615","2021-04-14 12:05:05.352","42","365","Sell"
"1","596","616","2021-04-14 12:05:06.075","40","24","Sell"
"1","597","617","2021-04-14 12:05:06.341","39","39","Sell"
"1","598","618","2021-04-14 12:05:07.069","38","35","Buy"
"1","599","619","2021-04-14 12:05:07.539","37","34","Buy"
"1","600","620","2021-04-14 12:05:08.059","38","44","Buy"
"1","601","621","2021-04-14 12:05:08.399","38","32","Buy"
"1","602","622","2021-04-14 12:05:08.471","39","21","Sell"
"1","603","623","2021-04-14 12:05:08.771","0","91","Buy"
"1","604","-578","2021-04-14 12:05:08.926","41","0","Sell"
"1","605","-565","2021-04-14 12:05:08.966","36","0","Buy"
"1","606","-536","2021-04-14 12:05:08.999","32","0","Buy"
"1","607","627","2021-04-14 12:05:09.027","42","23","Sell"
"1","608","628","2021-04-14 12:05:09.342","39","546","Buy"
"1","609","629","2021-04-14 12:05:09.895","38","65","Buy"
"1","610","630","2021-04-14 12:05:11.037","38","21","Buy"
"1","611","631","2021-04-14 12:05:11.304","40","21","Sell"
"1","612","632","2021-04-14 12:05:11.411","39","120","Buy"
"1","613","633","2021-04-14 12:05:11.528","41","20","Sell"
"1","614","-577","2021-04-14 12:05:11.645","43","0","Sell"
"1","615","635","2021-04-14 12:05:11.784","40","24","Sell"
"1","616","636","2021-04-14 12:05:11.925","38","26","Buy"
"1","617","-526","2021-04-14 12:05:11.956","43","0","Sell"
"1","618","-628","2021-04-14 12:05:12.302","39","0","Buy"
"1","619","-631","2021-04-14 12:05:13.149","40","0","Sell"
"1","620","640","2021-04-14 12:05:13.987","40","92","Sell"
"1","621","641","2021-04-14 12:05:14.752","40","133","Sell"
"1","622","-632","2021-04-14 12:05:15.311","39","0","Buy"
"1","623","643","2021-04-14 12:05:15.729","41","63","Sell"
"1","624","644","2021-04-14 12:05:15.929","37","23","Buy"
"1","625","-640","2021-04-14 12:05:16.191","40","0","Sell"
"1","626","646","2021-04-14 12:05:16.804","37","672","Buy"
"1","627","647","2021-04-14 12:05:17.412","37","41","Buy"
"1","628","-635","2021-04-14 12:05:18.326","40","0","Sell"
"1","629","-586","2021-04-14 12:05:18.986","36","0","Buy"
"1","630","650","2021-04-14 12:05:19.221","0","430","Sell"
"1","631","651","2021-04-14 12:05:19.274","38","28","Buy"
"1","632","652","2021-04-14 12:05:20.235","39","24","Buy"
"1","633","653","2021-04-14 12:05:20.524","40","24","Sell"
"1","634","-653","2021-04-14 12:05:21.335","40","0","Sell"
"1","635","-534","2021-04-14 12:05:22.787","42","0","Sell"
"1","636","656","2021-04-14 12:05:22.877","39","762","Buy"
"1","637","657","2021-04-14 12:05:23.492","40","35","Sell"
"1","638","-527","2021-04-14 12:05:24.167","33","0","Buy"
"1","639","-652","2021-04-14 12:05:24.393","39","0","Buy"
"1","640","660","2021-04-14 12:05:24.433","41","36","Sell"
"1","641","661","2021-04-14 12:05:26.413","41","25","Sell"
"1","642","-656","2021-04-14 12:05:26.710","39","0","Buy"
"1","643","663","2021-04-14 12:05:26.807","0","25","Buy"
"1","644","-550","2021-04-14 12:05:29.099","35","0","Buy"
"1","645","-641","2021-04-14 12:05:30.227","40","0","Sell"
"1","646","-657","2021-04-14 12:05:30.297","40","0","Sell"
"1","647","667","2021-04-14 12:05:30.527","0","511","Buy"
"1","648","668","2021-04-14 12:05:31.124","37","1438","Buy"
"1","649","669","2021-04-14 12:05:31.326","39","22","Buy"
"1","650","670","2021-04-14 12:05:31.843","43","35","Sell"
"1","651","671","2021-04-14 12:05:32.726","38","28","Buy"
"1","652","-583","2021-04-14 12:05:32.992","36","0","Buy"
"1","653","673","2021-04-14 12:05:34.028","40","47","Buy"
"1","654","-627","2021-04-14 12:05:35.838","42","0","Sell"
"1","655","675","2021-04-14 12:05:36.583","41","32","Buy"
"1","656","676","2021-04-14 12:05:37.090","41","74","Buy"
"1","657","677","2021-04-14 12:05:38.573","40","32","Buy"
"1","658","678","2021-04-14 12:05:41.675","41","22","Buy"
"1","659","679","2021-04-14 12:05:44.401","43","52","Sell"
"1","660","680","2021-04-14 12:05:45.974","42","29","Sell"
"1","661","681","2021-04-14 12:05:51.416","41","66","Buy"
"1","662","-679","2021-04-14 12:05:51.533","43","0","Sell"
"1","663","683","2021-04-14 12:05:53.332","42","502","Sell"
"1","664","-670","2021-04-14 12:05:54.163","43","0","Sell"
"1","665","685","2021-04-14 12:05:54.409","41","42","Buy"
"1","666","686","2021-04-14 12:05:55.437","40","43","Buy"
"1","667","-680","2021-04-14 12:06:01.105","42","0","Sell"
"1","668","688","2021-04-14 12:06:03.066","43","35","Sell"
"1","669","689","2021-04-14 12:06:05.816","0","22","Sell"
"1","670","690","2021-04-14 12:06:06.661","43","27","Sell"
"1","671","-683","2021-04-14 12:06:06.943","42","0","Sell"
"1","672","692","2021-04-14 12:06:07.861","43","306","Sell"
"1","673","693","2021-04-14 12:06:13.443","0","27","Sell"
"1","674","694","2021-04-14 12:06:14.633","0","109","Sell"
"1","675","695","2021-04-14 12:06:14.978","41","23","Buy"
"1","676","696","2021-04-14 12:06:15.781","40","26","Buy"
"1","677","697","2021-04-14 12:06:17.908","43","33","Sell"
"1","678","-615","2021-04-14 12:06:21.851","42","0","Sell"
"1","679","699","2021-04-14 12:06:21.968","0","437","Buy"
"1","680","700","2021-04-14 12:06:24.229","42","28","Buy"
"1","681","701","2021-04-14 12:06:24.532","44","20","Sell"
"1","682","702","2021-04-14 12:06:25.253","43","110","Sell"
"1","683","703","2021-04-14 12:06:26.687","0","41","Sell"
"1","684","704","2021-04-14 12:06:28.121","0","49","Sell"
"1","685","705","2021-04-14 12:06:28.233","42","88","Buy"
"1","686","-668","2021-04-14 12:06:29.844","37","0","Buy"
"1","687","707","2021-04-14 12:06:30.394","0","135","Buy"
"1","688","708","2021-04-14 12:06:31.779","45","33","Sell"
"1","689","709","2021-04-14 12:06:31.856","46","25","Sell"
"1","690","710","2021-04-14 12:06:32.739","43","32","Buy"
"1","691","-708","2021-04-14 12:06:33.954","45","0","Sell"
"1","692","712","2021-04-14 12:06:36.776","0","122","Buy"
"1","693","-710","2021-04-14 12:06:41.704","43","0","Buy"
"1","694","714","2021-04-14 12:06:42.837","41","25","Buy"
"1","695","715","2021-04-14 12:06:50.355","43","37","Buy"
"1","696","716","2021-04-14 12:07:06.241","53","151","Sell"
"1","697","717","2021-04-14 12:07:06.271","54","37","Sell"
"1","698","718","2021-04-14 12:07:07.146","44","100","Buy"
"1","699","719","2021-04-14 12:07:11.639","43","71","Buy"
"1","700","720","2021-04-14 12:07:11.677","45","136","Buy"
"1","701","-715","2021-04-14 12:07:13.566","43","0","Buy"
"1","702","722","2021-04-14 12:07:14.112","52","59","Sell"
"1","703","723","2021-04-14 12:07:16.345","0","83","Sell"
"1","704","724","2021-04-14 12:07:16.388","44","23","Buy"
"1","705","725","2021-04-14 12:07:16.725","46","30","Buy"
"1","706","726","2021-04-14 12:07:17.526","53","66","Sell"
"1","707","-671","2021-04-14 12:07:18.202","38","0","Buy"
"1","708","-722","2021-04-14 12:07:18.379","52","0","Sell"
"1","709","-717","2021-04-14 12:07:18.533","54","0","Sell"
"1","710","-647","2021-04-14 12:07:19.136","37","0","Buy"
"1","711","731","2021-04-14 12:07:19.158","47","44","Buy"
"1","712","732","2021-04-14 12:07:20.092","52","28","Sell"
"1","713","733","2021-04-14 12:07:20.485","48","20","Buy"
"1","714","-726","2021-04-14 12:07:21.019","53","0","Sell"
"1","715","735","2021-04-14 12:07:23.082","0","45","Buy"
"1","716","-733","2021-04-14 12:07:27.670","48","0","Buy"
"1","717","737","2021-04-14 12:07:35.962","54","134","Sell"
"1","718","738","2021-04-14 12:07:37.085","46","155","Buy"
"1","719","-731","2021-04-14 12:07:44.109","47","0","Buy"
"1","720","740","2021-04-14 12:07:44.663","45","28","Buy"
"1","721","-716","2021-04-14 12:07:45.072","53","0","Sell"
"1","722","-646","2021-04-14 12:07:46.691","37","0","Buy"
"1","723","-696","2021-04-14 12:07:49.230","40","0","Buy"
"1","724","744","2021-04-14 12:07:52.909","0","38","Sell"
"1","725","745","2021-04-14 12:07:56.181","0","89","Sell"
"1","726","-737","2021-04-14 12:07:56.242","54","0","Sell"
"1","727","747","2021-04-14 12:07:59.008","47","80","Buy"
"1","728","749","2021-04-14 12:08:03.951","54","29","Sell"
"1","729","750","2021-04-14 12:08:13.018","53","28","Sell"
"1","730","751","2021-04-14 12:08:13.071","0","53","Sell"
"1","731","752","2021-04-14 12:08:24.629","54","57","Sell"
"1","732","753","2021-04-14 12:08:26.154","46","24","Buy"
"1","733","754","2021-04-14 12:08:26.529","46","34","Buy"
"1","734","755","2021-04-14 12:08:29.083","52","28","Sell"
"1","735","756","2021-04-14 12:08:29.119","53","99","Sell"
"1","736","-747","2021-04-14 12:08:32.379","47","0","Buy"
"1","737","758","2021-04-14 12:08:34.969","0","35","Sell"
"1","738","759","2021-04-14 12:08:35.253","47","30","Buy"
"1","739","-738","2021-04-14 12:08:35.762","46","0","Buy"
"1","740","-740","2021-04-14 12:08:36.395","45","0","Buy"
"1","741","762","2021-04-14 12:08:37.820","46","42","Buy"
"1","742","-755","2021-04-14 12:08:38.731","52","0","Sell"
"1","743","764","2021-04-14 12:08:38.810","48","127","Buy"
"1","744","-720","2021-04-14 12:08:41.262","45","0","Buy"
"1","745","766","2021-04-14 12:08:41.806","52","20","Sell"
"1","746","767","2021-04-14 12:08:42.411","47","145","Buy"
"1","747","-724","2021-04-14 12:08:45.543","44","0","Buy"
"1","748","769","2021-04-14 12:08:45.915","49","24","Buy"
"1","749","-619","2021-04-14 12:08:46.104","37","0","Buy"
"1","750","771","2021-04-14 12:08:48.202","50","35","Buy"
"1","751","-766","2021-04-14 12:08:48.205","52","0","Sell"
"1","752","773","2021-04-14 12:08:52.588","0","32","Sell"
"1","753","774","2021-04-14 12:08:57.647","54","41","Sell"
"1","754","775","2021-04-14 12:09:04.215","52","33","Sell"
"1","755","-771","2021-04-14 12:09:07.222","50","0","Buy"
"1","756","-756","2021-04-14 12:09:14.108","53","0","Sell"
"1","757","778","2021-04-14 12:09:14.768","50","37","Buy"
"1","758","-750","2021-04-14 12:09:16.132","53","0","Sell"
"1","759","-775","2021-04-14 12:09:17.368","52","0","Sell"
"1","760","781","2021-04-14 12:09:20.836","55","20","Sell"
"1","761","-778","2021-04-14 12:09:23.400","50","0","Buy"
"1","762","-781","2021-04-14 12:09:23.422","55","0","Sell"
"1","763","-769","2021-04-14 12:09:24.589","49","0","Buy"
"1","764","785","2021-04-14 12:09:25.621","0","29","Buy"
"1","765","-764","2021-04-14 12:09:26.039","48","0","Buy"
"1","766","787","2021-04-14 12:09:26.351","55","632","Sell"
"1","767","-752","2021-04-14 12:09:30.147","54","0","Sell"
"1","768","789","2021-04-14 12:09:32.402","0","37","Sell"
"1","769","790","2021-04-14 12:09:34.894","48","119","Buy"
"1","770","791","2021-04-14 12:09:35.936","53","24","Sell"
"1","771","792","2021-04-14 12:09:38.389","0","20","Buy"
"1","772","793","2021-04-14 12:09:41.649","54","34","Sell"
"1","773","794","2021-04-14 12:09:44.359","52","20","Sell"
"1","774","795","2021-04-14 12:09:51.247","53","82","Sell"
"1","775","-603","2021-04-14 12:09:52.859","37","0","Buy"
"1","776","-794","2021-04-14 12:09:55.467","52","0","Sell"
"1","777","-600","2021-04-14 12:09:58.325","37","0","Buy"
"1","778","-714","2021-04-14 12:09:59.442","41","0","Buy"
"1","779","800","2021-04-14 12:09:59.682","47","99","Buy"
"1","780","801","2021-04-14 12:10:00.539","52","77","Sell"
"1","781","802","2021-04-14 12:10:01.377","53","29","Sell"
"1","782","803","2021-04-14 12:10:02.753","49","34","Buy"
"1","783","-801","2021-04-14 12:10:06.821","52","0","Sell"
"1","784","-767","2021-04-14 12:10:08.055","47","0","Buy"
"1","785","806","2021-04-14 12:10:09.940","54","22","Sell"
"1","786","807","2021-04-14 12:10:11.462","50","141","Buy"
"1","787","-802","2021-04-14 12:10:12.256","53","0","Sell"
"1","788","809","2021-04-14 12:10:12.260","0","28","Sell"
"1","789","-774","2021-04-14 12:10:15.009","54","0","Sell"
"1","790","811","2021-04-14 12:10:15.053","54","26","Sell"
"1","791","812","2021-04-14 12:10:15.158","51","31","Buy"
"1","792","813","2021-04-14 12:10:15.324","54","138","Sell"
"1","793","-812","2021-04-14 12:10:17.869","51","0","Buy"
"1","794","-791","2021-04-14 12:10:18.313","53","0","Sell"
"1","795","-811","2021-04-14 12:10:19.872","54","0","Sell"
"1","796","817","2021-04-14 12:10:21.696","52","21","Sell"
"1","797","818","2021-04-14 12:10:22.867","53","34","Sell"
"1","798","819","2021-04-14 12:10:25.049","53","46","Sell"
"1","799","820","2021-04-14 12:10:25.189","53","27","Sell"
"1","800","821","2021-04-14 12:10:25.712","51","46","Buy"
"1","801","822","2021-04-14 12:10:30.596","50","37","Buy"
"1","802","-818","2021-04-14 12:10:33.297","53","0","Sell"
"1","803","824","2021-04-14 12:10:35.056","51","20","Buy"
"1","804","-824","2021-04-14 12:10:37.881","51","0","Buy"
"1","805","826","2021-04-14 12:10:38.444","50","41","Buy"
"1","806","827","2021-04-14 12:10:38.757","0","29","Sell"
"1","807","828","2021-04-14 12:10:38.833","50","22","Buy"
"1","808","-795","2021-04-14 12:10:39.796","53","0","Sell"
"1","809","-820","2021-04-14 12:10:43.464","53","0","Sell"
"1","810","-821","2021-04-14 12:10:44.220","51","0","Buy"
"1","811","-686","2021-04-14 12:10:45.275","40","0","Buy"
"1","812","833","2021-04-14 12:10:48.715","53","23","Sell"
"1","813","-817","2021-04-14 12:10:49.092","52","0","Sell"
"1","814","835","2021-04-14 12:10:49.231","0","20","Sell"
"1","815","836","2021-04-14 12:10:49.694","0","46","Buy"
"1","816","837","2021-04-14 12:10:50.456","52","26","Sell"
"1","817","838","2021-04-14 12:10:50.656","0","60","Buy"
"1","818","839","2021-04-14 12:10:51.434","0","20","Buy"
"1","819","-793","2021-04-14 12:10:51.695","54","0","Sell"
"1","820","-787","2021-04-14 12:10:52.806","55","0","Sell"
"1","821","842","2021-04-14 12:10:55.381","53","24","Sell"
"1","822","843","2021-04-14 12:10:55.851","49","25","Buy"
"1","823","844","2021-04-14 12:10:56.730","49","28","Buy"
"1","824","845","2021-04-14 12:10:56.731","0","51","Sell"
"1","825","-644","2021-04-14 12:10:56.940","37","0","Buy"
"1","826","-762","2021-04-14 12:10:57.599","46","0","Buy"
"1","827","-842","2021-04-14 12:10:58.554","53","0","Sell"
"1","828","849","2021-04-14 12:10:59.656","55","22","Sell"
"1","829","850","2021-04-14 12:10:59.706","49","29","Buy"
"1","830","851","2021-04-14 12:11:00.371","55","20","Sell"
"1","831","852","2021-04-14 12:11:01.333","55","38","Sell"
"1","832","-790","2021-04-14 12:11:02.654","48","0","Buy"
"1","833","-806","2021-04-14 12:11:03.756","54","0","Sell"
"1","834","855","2021-04-14 12:11:03.854","55","20","Sell"
"1","835","-850","2021-04-14 12:11:04.005","49","0","Buy"
"1","836","857","2021-04-14 12:11:04.369","0","22","Sell"
"1","837","858","2021-04-14 12:11:04.436","0","43","Buy"
"1","838","859","2021-04-14 12:11:04.906","0","109","Sell"
"1","839","860","2021-04-14 12:11:05.261","51","21","Buy"
"1","840","861","2021-04-14 12:11:05.611","0","31","Buy"
"1","841","862","2021-04-14 12:11:05.945","53","40","Sell"
"1","842","863","2021-04-14 12:11:06.807","54","974","Sell"
"1","843","864","2021-04-14 12:11:07.593","0","29","Sell"
"1","844","-828","2021-04-14 12:11:08.468","50","0","Buy"
"1","845","-843","2021-04-14 12:11:08.506","49","0","Buy"
"1","846","867","2021-04-14 12:11:10.699","52","27","Sell"
"1","847","868","2021-04-14 12:11:11.254","53","33","Sell"
"1","848","869","2021-04-14 12:11:13.104","51","125","Sell"
"1","849","-869","2021-04-14 12:11:14.287","51","0","Sell"
"1","850","871","2021-04-14 12:11:16.362","50","64","Buy"
"1","851","-851","2021-04-14 12:11:19.177","55","0","Sell"
"1","852","-849","2021-04-14 12:11:19.727","55","0","Sell"
"1","853","-867","2021-04-14 12:11:20.222","52","0","Sell"
"1","854","875","2021-04-14 12:11:20.572","52","140","Sell"
"1","855","876","2021-04-14 12:11:23.450","51","32","Sell"
"1","856","877","2021-04-14 12:11:25.553","50","20","Buy"
"1","857","878","2021-04-14 12:11:25.751","51","24","Sell"
"1","858","879","2021-04-14 12:11:25.753","51","5869","Sell"
"1","859","880","2021-04-14 12:11:25.833","0","247","Sell"
"1","860","881","2021-04-14 12:11:26.406","50","22","Sell"
"1","861","-754","2021-04-14 12:11:29.565","46","0","Buy"
"1","862","883","2021-04-14 12:11:29.692","0","60","Sell"
"1","863","884","2021-04-14 12:11:32.607","51","83","Sell"
"1","864","885","2021-04-14 12:11:32.665","43","75","Buy"
"1","865","886","2021-04-14 12:11:33.733","49","29","Sell"
"1","866","-878","2021-04-14 12:11:34.367","51","0","Sell"
"1","867","-718","2021-04-14 12:11:35.023","44","0","Buy"
"1","868","-537","2021-04-14 12:11:35.639","32","0","Buy"
"1","869","-669","2021-04-14 12:11:36.111","39","0","Buy"
"1","870","891","2021-04-14 12:11:37.748","48","53","Sell"
"1","871","892","2021-04-14 12:11:37.884","47","32","Sell"
"1","872","-892","2021-04-14 12:11:38.319","47","0","Sell"
"1","873","894","2021-04-14 12:11:39.526","42","29","Buy"
"1","874","-651","2021-04-14 12:11:40.172","38","0","Buy"
"1","875","-876","2021-04-14 12:11:40.611","51","0","Sell"
"1","876","897","2021-04-14 12:11:42.256","0","31","Sell"
"1","877","898","2021-04-14 12:11:45.147","0","26","Sell"
"1","878","899","2021-04-14 12:11:45.415","44","95","Buy"
"1","879","900","2021-04-14 12:11:46.518","0","76","Buy"
"1","880","-705","2021-04-14 12:11:46.565","42","0","Buy"
"1","881","902","2021-04-14 12:11:48.472","0","44","Buy"
"1","882","903","2021-04-14 12:11:48.905","0","24","Buy"
"1","883","904","2021-04-14 12:11:49.386","52","92","Sell"
"1","884","905","2021-04-14 12:11:49.501","52","21","Sell"
"1","885","-884","2021-04-14 12:11:52.644","51","0","Sell"
"1","886","-673","2021-04-14 12:11:52.793","40","0","Buy"
"1","887","-899","2021-04-14 12:11:52.929","44","0","Buy"
"1","888","-855","2021-04-14 12:11:54.263","55","0","Sell"
"1","889","910","2021-04-14 12:11:54.394","44","116990","Buy"
"1","890","-868","2021-04-14 12:11:54.973","53","0","Sell"
"1","891","-910","2021-04-14 12:11:55.599","44","0","Buy"
"1","892","913","2021-04-14 12:11:55.812","0","24","Buy"
"1","893","-695","2021-04-14 12:11:57.933","41","0","Buy"
"1","894","915","2021-04-14 12:11:59.243","44","22","Buy"
"1","895","916","2021-04-14 12:12:01.056","0","23","Sell"
"1","896","-875","2021-04-14 12:12:01.094","52","0","Sell"
"1","897","918","2021-04-14 12:12:02.050","52","34","Sell"
"1","898","919","2021-04-14 12:12:02.545","52","25","Sell"
"1","899","-894","2021-04-14 12:12:02.844","42","0","Buy"
"1","900","921","2021-04-14 12:12:03.611","44","56","Buy"
"1","901","-879","2021-04-14 12:12:04.262","51","0","Sell"
"1","902","923","2021-04-14 12:12:05.184","53","81","Sell"
"1","903","-921","2021-04-14 12:12:05.200","44","0","Buy"
"1","904","-918","2021-04-14 12:12:05.548","52","0","Sell"
"1","905","926","2021-04-14 12:12:05.937","51","24","Sell"
"1","906","927","2021-04-14 12:12:07.284","0","50","Buy"
"1","907","928","2021-04-14 12:12:08.169","51","64","Sell"
"1","908","-852","2021-04-14 12:12:09.633","55","0","Sell"
"1","909","930","2021-04-14 12:12:10.599","50","24","Sell"
"1","910","-885","2021-04-14 12:12:12.121","43","0","Buy"
"1","911","932","2021-04-14 12:12:12.888","42","154","Buy"
"1","912","-930","2021-04-14 12:12:13.547","50","0","Sell"
"1","913","-928","2021-04-14 12:12:13.751","51","0","Sell"
"1","914","-677","2021-04-14 12:12:14.648","40","0","Buy"
"1","915","936","2021-04-14 12:12:15.330","42","135","Buy"
"1","916","937","2021-04-14 12:12:15.383","42","43","Buy"
"1","917","938","2021-04-14 12:12:16.406","51","218","Sell"
"1","918","939","2021-04-14 12:12:17.073","0","23","Buy"
"1","919","940","2021-04-14 12:12:17.074","0","29","Buy"
"1","920","941","2021-04-14 12:12:19.477","50","36","Sell"
"1","921","942","2021-04-14 12:12:20.037","49","27","Sell"
"1","922","943","2021-04-14 12:12:23.178","48","32","Sell"
"1","923","944","2021-04-14 12:12:24.631","42","30","Buy"
"1","924","945","2021-04-14 12:12:27.200","49","34","Sell"
"1","925","946","2021-04-14 12:12:28.365","44","29","Buy"
"1","926","947","2021-04-14 12:12:30.055","45","77","Buy"
"1","927","948","2021-04-14 12:12:31.903","47","25","Sell"
"1","928","-948","2021-04-14 12:12:32.167","47","0","Sell"
"1","929","950","2021-04-14 12:12:32.883","44","25","Buy"
"1","930","951","2021-04-14 12:12:33.384","49","46","Sell"
"1","931","-947","2021-04-14 12:12:33.445","45","0","Buy"
"1","932","953","2021-04-14 12:12:33.843","0","78","Sell"
"1","933","-943","2021-04-14 12:12:34.303","48","0","Sell"
"1","934","-944","2021-04-14 12:12:34.470","42","0","Buy"
"1","935","956","2021-04-14 12:12:36.196","50","30","Sell"
"1","936","957","2021-04-14 12:12:37.914","50","45","Sell"
"1","937","958","2021-04-14 12:12:37.928","0","37","Buy"
"1","938","959","2021-04-14 12:12:38.407","43","21","Buy"
"1","939","960","2021-04-14 12:12:38.418","42","168","Buy"
"1","940","961","2021-04-14 12:12:39.180","0","51","Buy"
"1","941","962","2021-04-14 12:12:41.492","48","26","Sell"
"1","942","963","2021-04-14 12:12:42.853","0","44","Buy"
"1","943","964","2021-04-14 12:12:44.304","0","180","Sell"
"1","944","965","2021-04-14 12:12:44.435","41","263","Buy"
"1","945","966","2021-04-14 12:12:46.907","43","36","Buy"
"1","946","967","2021-04-14 12:12:46.965","48","60","Sell"
"1","947","968","2021-04-14 12:13:05.801","0","23","Buy"
"1","948","969","2021-04-14 12:13:09.720","42","36","Buy"
"1","949","970","2021-04-14 12:13:12.400","44","31","Buy"
"1","950","971","2021-04-14 12:13:12.759","45","74","Buy"
"1","951","972","2021-04-14 12:13:15.203","46","52","Buy"
"1","952","-972","2021-04-14 12:13:16.129","46","0","Buy"
"1","953","974","2021-04-14 12:13:16.863","44","22","Buy"
"1","954","975","2021-04-14 12:13:17.129","46","79","Buy"
"1","955","976","2021-04-14 12:13:24.014","47","68","Sell"
"1","956","977","2021-04-14 12:13:36.079","45","22","Buy"
"1","957","-976","2021-04-14 12:13:37.192","47","0","Sell"
"1","958","979","2021-04-14 12:13:42.451","0","25","Buy"
"1","959","-905","2021-04-14 12:13:43.588","52","0","Sell"
"1","960","981","2021-04-14 12:13:46.364","0","300","Sell"
"1","961","982","2021-04-14 12:13:46.624","49","29","Sell"
"1","962","983","2021-04-14 12:13:47.293","43","72","Buy"
"1","963","984","2021-04-14 12:13:48.756","49","40","Sell"
"1","964","985","2021-04-14 12:13:49.423","0","183","Buy"
"1","965","-957","2021-04-14 12:13:50.886","50","0","Sell"
"1","966","-983","2021-04-14 12:13:50.952","43","0","Buy"
"1","967","988","2021-04-14 12:13:51.486","41","39","Buy"
"1","968","989","2021-04-14 12:13:53.471","43","34","Buy"
"1","969","-989","2021-04-14 12:13:53.644","43","0","Buy"
"1","970","-685","2021-04-14 12:13:54.921","41","0","Buy"
"1","971","-936","2021-04-14 12:13:55.356","42","0","Buy"
"1","972","993","2021-04-14 12:13:57.140","50","267","Sell"
"1","973","994","2021-04-14 12:13:58.530","0","23","Buy"
"1","974","995","2021-04-14 12:13:59.838","43","51","Buy"
"1","975","996","2021-04-14 12:14:00.402","42","68","Buy"
"1","976","997","2021-04-14 12:14:00.576","44","29","Buy"
"1","977","-813","2021-04-14 12:14:01.346","54","0","Sell"
"1","978","999","2021-04-14 12:14:01.447","45","39","Buy"
"1","979","1000","2021-04-14 12:14:01.807","44","35","Buy"
"1","980","-999","2021-04-14 12:14:03.698","45","0","Buy"
"1","981","-904","2021-04-14 12:14:06.021","52","0","Sell"
"1","982","-993","2021-04-14 12:14:06.305","50","0","Sell"
"1","983","1004","2021-04-14 12:14:08.874","43","1811","Buy"
"1","984","1005","2021-04-14 12:14:10.562","43","23","Buy"
"1","985","-1000","2021-04-14 12:14:10.705","44","0","Buy"
"1","986","-862","2021-04-14 12:14:11.158","53","0","Sell"
"1","987","1008","2021-04-14 12:14:11.293","0","25","Buy"
"1","988","1009","2021-04-14 12:14:11.389","0","32","Sell"
"1","989","1010","2021-04-14 12:14:12.641","50","71","Sell"
"1","990","1011","2021-04-14 12:14:13.330","0","46","Sell"
"1","991","1012","2021-04-14 12:14:13.432","42","47","Buy"
"1","992","1013","2021-04-14 12:14:13.753","49","26","Sell"
"1","993","1014","2021-04-14 12:14:14.097","42","51","Buy"
"1","994","1015","2021-04-14 12:14:14.167","42","65","Buy"
"1","995","1016","2021-04-14 12:14:15.630","50","82","Sell"
"1","996","1017","2021-04-14 12:14:17.010","48","27","Sell"
"1","997","1018","2021-04-14 12:14:18.841","49","28","Sell"
"1","998","-996","2021-04-14 12:14:19.380","42","0","Buy"
"1","999","1020","2021-04-14 12:14:19.489","42","70","Buy"
"1","1000","1021","2021-04-14 12:14:19.665","0","33","Buy"
"1","1001","1022","2021-04-14 12:14:20.286","50","22","Sell"
"1","1002","1023","2021-04-14 12:14:20.525","48","38","Sell"
"1","1003","-1010","2021-04-14 12:14:21.083","50","0","Sell"
"1","1004","1025","2021-04-14 12:14:21.103","42","52","Buy"
"1","1005","1026","2021-04-14 12:14:21.400","47","33","Sell"
"1","1006","-1013","2021-04-14 12:14:22.598","49","0","Sell"
"1","1007","-1022","2021-04-14 12:14:23.713","50","0","Sell"
"1","1008","-995","2021-04-14 12:14:26.042","43","0","Buy"
"1","1009","1030","2021-04-14 12:14:26.686","48","52","Sell"
"1","1010","-1016","2021-04-14 12:14:26.816","50","0","Sell"
"1","1011","-1005","2021-04-14 12:14:27.282","43","0","Buy"
"1","1012","1033","2021-04-14 12:14:28.180","42","54","Buy"
"1","1013","-1026","2021-04-14 12:14:29.125","47","0","Sell"
"1","1014","-1012","2021-04-14 12:14:29.349","42","0","Buy"
"1","1015","1036","2021-04-14 12:14:30.376","49","26","Sell"
"1","1016","1037","2021-04-14 12:14:31.450","49","29","Sell"
"1","1017","1038","2021-04-14 12:14:31.610","47","64","Sell"
"1","1018","-1018","2021-04-14 12:14:34.213","49","0","Sell"
"1","1019","1040","2021-04-14 12:14:34.331","42","21","Buy"
"1","1020","-1038","2021-04-14 12:14:35.668","47","0","Sell"
"1","1021","1042","2021-04-14 12:14:36.501","44","33","Buy"
"1","1022","-1023","2021-04-14 12:14:37.024","48","0","Sell"
"1","1023","-965","2021-04-14 12:14:37.308","41","0","Buy"
"1","1024","-863","2021-04-14 12:14:38.513","54","0","Sell"
"1","1025","1046","2021-04-14 12:14:38.641","45","21","Buy"
"1","1026","1047","2021-04-14 12:14:38.779","46","77","Buy"
"1","1027","1048","2021-04-14 12:14:40.633","45","20","Buy"
"1","1028","1049","2021-04-14 12:14:41.047","47","41","Sell"
"1","1029","-1047","2021-04-14 12:14:41.562","46","0","Buy"
"1","1030","1051","2021-04-14 12:14:41.859","46","52","Sell"
"1","1031","1052","2021-04-14 12:14:42.839","45","32","Buy"
"1","1032","-923","2021-04-14 12:14:43.770","53","0","Sell"
"1","1033","-1051","2021-04-14 12:14:44.661","46","0","Sell"
"1","1034","-1030","2021-04-14 12:14:44.691","48","0","Sell"
"1","1035","1056","2021-04-14 12:14:46.052","44","417","Buy"
"1","1036","1057","2021-04-14 12:14:46.945","46","1226","Buy"
"1","1037","-969","2021-04-14 12:14:47.995","42","0","Buy"
"1","1038","-1049","2021-04-14 12:14:50.205","47","0","Sell"
"1","1039","1060","2021-04-14 12:14:50.788","50","20","Sell"
"1","1040","-1057","2021-04-14 12:14:51.279","46","0","Buy"
"1","1041","1062","2021-04-14 12:14:51.280","48","177","Sell"
"1","1042","1063","2021-04-14 12:14:51.799","49","40","Sell"
"1","1043","1064","2021-04-14 12:14:54.548","0","23","Buy"
"1","1044","1065","2021-04-14 12:14:57.571","47","1322","Sell"
"1","1045","1066","2021-04-14 12:14:58.506","46","32","Buy"
"1","1046","1067","2021-04-14 12:15:00.414","0","30","Buy"
"1","1047","-1066","2021-04-14 12:15:06.717","46","0","Buy"
"1","1048","1069","2021-04-14 12:15:11.804","46","37","Buy"
"1","1049","1070","2021-04-14 12:15:13.418","45","34","Buy"
"1","1050","1071","2021-04-14 12:15:17.720","0","25","Buy"
"1","1051","-1069","2021-04-14 12:15:17.723","46","0","Buy"
"1","1052","1073","2021-04-14 12:15:23.754","0","45","Sell"
"1","1053","-1060","2021-04-14 12:15:25.208","50","0","Sell"
"1","1054","1075","2021-04-14 12:15:31.251","48","55","Sell"
"1","1055","1076","2021-04-14 12:15:37.866","46","22","Sell"
"1","1056","-1075","2021-04-14 12:15:39.027","48","0","Sell"
"1","1057","-1040","2021-04-14 12:15:41.135","42","0","Buy"
"1","1058","1079","2021-04-14 12:15:47.032","46","32","Sell"
"1","1059","1080","2021-04-14 12:15:47.422","45","52","Buy"
"1","1060","1081","2021-04-14 12:15:52.678","46","69","Sell"
"1","1061","-1081","2021-04-14 12:15:59.807","46","0","Sell"
"1","1062","-1079","2021-04-14 12:16:04.384","46","0","Sell"
"1","1063","-1020","2021-04-14 12:16:05.226","42","0","Buy"
"1","1064","1085","2021-04-14 12:16:05.315","46","328","Sell"
"1","1065","-1052","2021-04-14 12:16:05.830","45","0","Buy"
"1","1066","-1080","2021-04-14 12:16:07.397","45","0","Buy"
"1","1067","1088","2021-04-14 12:16:16.682","45","35","Buy"
"1","1068","1089","2021-04-14 12:16:17.457","45","52","Buy"
"1","1069","1090","2021-04-14 12:16:18.099","45","45","Buy"
"1","1070","-1089","2021-04-14 12:16:18.441","45","0","Buy"
"1","1071","1092","2021-04-14 12:16:19.326","44","367","Buy"
"1","1072","1093","2021-04-14 12:16:19.494","47","147","Sell"
"1","1073","1094","2021-04-14 12:16:19.781","47","69","Sell"
"1","1074","1095","2021-04-14 12:16:20.458","47","50","Sell"
"1","1075","1096","2021-04-14 12:16:21.105","47","21","Sell"
"1","1076","1097","2021-04-14 12:16:21.879","45","81","Buy"
"1","1077","1098","2021-04-14 12:16:22.056","44","50","Buy"
"1","1078","-1042","2021-04-14 12:16:22.165","44","0","Buy"
"1","1079","1100","2021-04-14 12:16:23.296","46","25","Sell"
"1","1080","-1070","2021-04-14 12:16:24.573","45","0","Buy"
"1","1081","-1088","2021-04-14 12:16:24.623","45","0","Buy"
"1","1082","1103","2021-04-14 12:16:30.508","0","25","Sell"
"1","1083","1104","2021-04-14 12:16:34.122","0","27","Sell"
"1","1084","-1097","2021-04-14 12:16:40.969","45","0","Buy"
"1","1085","1106","2021-04-14 12:16:46.695","45","96","Buy"
"1","1086","-1085","2021-04-14 12:16:50.772","46","0","Sell"
"1","1087","1108","2021-04-14 12:16:50.820","0","31","Sell"
"1","1088","-1106","2021-04-14 12:16:52.843","45","0","Buy"
"1","1089","1110","2021-04-14 12:16:52.882","43","38","Buy"
"1","1090","1111","2021-04-14 12:16:53.221","0","6027","Buy"
"1","1091","-1015","2021-04-14 12:16:54.848","42","0","Buy"
"1","1092","-1014","2021-04-14 12:16:56.330","42","0","Buy"
"1","1093","-1098","2021-04-14 12:16:56.781","44","0","Buy"
"1","1094","1116","2021-04-14 12:17:01.483","52","53","Sell"
"1","1095","1117","2021-04-14 12:17:04.156","45","90","Buy"
"1","1096","-1117","2021-04-14 12:17:11.623","45","0","Buy"
"1","1097","1120","2021-04-14 12:17:14.830","45","47","Buy"
"1","1098","1121","2021-04-14 12:17:17.093","53","54","Sell"
"1","1099","1122","2021-04-14 12:17:19.400","0","63","Buy"
"1","1100","1123","2021-04-14 12:17:19.940","52","129","Sell"
"1","1101","1124","2021-04-14 12:17:21.257","44","29","Buy"
"1","1102","1125","2021-04-14 12:17:25.032","44","25","Buy"
"1","1103","-1123","2021-04-14 12:17:26.882","52","0","Sell"
"1","1104","1127","2021-04-14 12:17:27.486","46","33","Buy"
"1","1105","1128","2021-04-14 12:17:27.641","52","691","Sell"
"1","1106","1129","2021-04-14 12:17:27.771","53","62","Sell"
"1","1107","1130","2021-04-14 12:17:30.798","0","26","Buy"
"1","1108","-1121","2021-04-14 12:17:30.961","53","0","Sell"
"1","1109","1132","2021-04-14 12:17:31.710","53","23","Sell"
"1","1110","1133","2021-04-14 12:17:34.994","0","35","Sell"
"1","1111","1134","2021-04-14 12:17:35.444","0","157","Sell"
"1","1112","-1129","2021-04-14 12:17:36.311","53","0","Sell"
"1","1113","1136","2021-04-14 12:17:36.365","43","113","Buy"
"1","1114","1137","2021-04-14 12:17:38.509","53","26","Sell"
"1","1115","-1056","2021-04-14 12:17:39.356","44","0","Buy"
"1","1116","1139","2021-04-14 12:17:40.466","0","357","Buy"
"1","1117","1140","2021-04-14 12:17:42.811","53","60","Sell"
"1","1118","-1128","2021-04-14 12:17:46.424","52","0","Sell"
"1","1119","-1125","2021-04-14 12:17:46.704","44","0","Buy"
"1","1120","1143","2021-04-14 12:17:48.427","54","22","Sell"
"1","1121","1144","2021-04-14 12:17:48.998","54","120","Sell"
"1","1122","1145","2021-04-14 12:17:50.080","52","2680","Sell"
"1","1123","-1092","2021-04-14 12:17:50.848","44","0","Buy"
"1","1124","1147","2021-04-14 12:17:50.849","45","24","Buy"
"1","1125","1148","2021-04-14 12:17:52.551","44","30","Buy"
"1","1126","-1147","2021-04-14 12:17:54.200","45","0","Buy"
"1","1127","1150","2021-04-14 12:17:54.574","45","23","Buy"
"1","1128","-1148","2021-04-14 12:17:57.197","44","0","Buy"
"1","1129","1152","2021-04-14 12:17:57.222","53","79","Sell"
"1","1130","1153","2021-04-14 12:17:57.432","53","1045","Sell"
"1","1131","-1143","2021-04-14 12:17:57.887","54","0","Sell"
"1","1132","-1033","2021-04-14 12:18:01.262","42","0","Buy"
"1","1133","1156","2021-04-14 12:18:08.680","44","25","Buy"
"1","1134","1157","2021-04-14 12:18:13.006","53","43","Sell"
"1","1135","-1150","2021-04-14 12:18:17.628","45","0","Buy"
"1","1136","1159","2021-04-14 12:18:22.057","53","224","Sell"
"1","1137","1160","2021-04-14 12:18:22.763","0","20","Buy"
"1","1138","1161","2021-04-14 12:18:23.445","43","41","Buy"
"1","1139","1162","2021-04-14 12:18:24.007","43","80","Buy"
"1","1140","1163","2021-04-14 12:18:29.030","51","94","Sell"
"1","1141","1164","2021-04-14 12:18:29.857","0","38","Buy"
"1","1142","-1124","2021-04-14 12:18:30.858","44","0","Buy"
"1","1143","1166","2021-04-14 12:18:31.202","50","43","Sell"
"1","1144","-1156","2021-04-14 12:18:32.044","44","0","Buy"
"1","1145","1168","2021-04-14 12:18:35.233","42","20","Buy"
"1","1146","-1166","2021-04-14 12:18:37.748","50","0","Sell"
"1","1147","1170","2021-04-14 12:18:38.591","0","22","Buy"
"1","1148","1171","2021-04-14 12:18:38.967","44","33","Buy"
"1","1149","1172","2021-04-14 12:18:42.058","43","180","Buy"
"1","1150","-1163","2021-04-14 12:18:44.946","51","0","Sell"
"1","1151","-1152","2021-04-14 12:18:45.384","53","0","Sell"
"1","1152","1175","2021-04-14 12:18:45.642","45","2679","Buy"
"1","1153","1176","2021-04-14 12:18:46.018","0","27","Buy"
"1","1154","-1144","2021-04-14 12:18:46.456","54","0","Sell"
"1","1155","1178","2021-04-14 12:18:46.603","51","123","Sell"
"1","1156","1179","2021-04-14 12:18:48.028","46","41","Buy"
"1","1157","-1179","2021-04-14 12:18:48.133","46","0","Buy"
"1","1158","-1178","2021-04-14 12:18:48.711","51","0","Sell"
"1","1159","1182","2021-04-14 12:18:50.404","44","24","Buy"
"1","1160","1183","2021-04-14 12:18:51.380","53","22","Sell"
"1","1161","1184","2021-04-14 12:18:56.401","46","21","Buy"
"1","1162","-1145","2021-04-14 12:18:59.282","52","0","Sell"
"1","1163","1186","2021-04-14 12:18:59.930","54","44","Sell"
"1","1164","1187","2021-04-14 12:18:59.954","47","110","Buy"
"1","1165","1188","2021-04-14 12:19:02.687","0","39","Buy"
"1","1166","-1187","2021-04-14 12:19:02.769","47","0","Buy"
"1","1167","-1153","2021-04-14 12:19:03.537","53","0","Sell"
"1","1168","-1159","2021-04-14 12:19:04.560","53","0","Sell"
"1","1169","1192","2021-04-14 12:19:05.138","52","23","Sell"
"1","1170","-1186","2021-04-14 12:19:05.777","54","0","Sell"
"1","1171","1194","2021-04-14 12:19:05.979","45","56","Buy"
"1","1172","1195","2021-04-14 12:19:06.188","0","22","Sell"
"1","1173","1196","2021-04-14 12:19:07.974","53","220","Sell"
"1","1174","1197","2021-04-14 12:19:10.687","46","32","Buy"
"1","1175","-1157","2021-04-14 12:19:12.196","53","0","Sell"
"1","1176","1199","2021-04-14 12:19:14.045","0","29","Sell"
"1","1177","1200","2021-04-14 12:19:14.378","53","50","Sell"
"1","1178","1201","2021-04-14 12:19:14.583","53","30","Sell"
"1","1179","-1197","2021-04-14 12:19:15.768","46","0","Buy"
"1","1180","1203","2021-04-14 12:19:16.432","51","39","Sell"
"1","1181","-1172","2021-04-14 12:19:16.455","43","0","Buy"
"1","1182","1205","2021-04-14 12:19:16.883","52","67","Sell"
"1","1183","-1203","2021-04-14 12:19:17.638","51","0","Sell"
"1","1184","-1205","2021-04-14 12:19:21.217","52","0","Sell"
"1","1185","-1192","2021-04-14 12:19:21.814","52","0","Sell"
"1","1186","1209","2021-04-14 12:19:23.787","54","76","Sell"
"1","1187","1210","2021-04-14 12:19:23.923","44","31","Buy"
"1","1188","1211","2021-04-14 12:19:24.330","0","24","Sell"
"1","1189","-1161","2021-04-14 12:19:24.852","43","0","Buy"
"1","1190","1213","2021-04-14 12:19:27.192","52","20","Sell"
"1","1191","1214","2021-04-14 12:19:27.513","51","404","Sell"
"1","1192","-1214","2021-04-14 12:19:27.536","51","0","Sell"
"1","1193","1216","2021-04-14 12:19:28.608","46","25","Buy"
"1","1194","1217","2021-04-14 12:19:30.869","45","127","Buy"
"1","1195","1218","2021-04-14 12:19:31.891","45","27","Buy"
"1","1196","-1200","2021-04-14 12:19:32.460","53","0","Sell"
"1","1197","-1216","2021-04-14 12:19:32.756","46","0","Buy"
"1","1198","1221","2021-04-14 12:19:33.103","44","118","Buy"
"1","1199","1222","2021-04-14 12:19:33.377","0","220","Buy"
"1","1200","-1218","2021-04-14 12:19:33.406","45","0","Buy"
"1","1201","1224","2021-04-14 12:19:34.138","54","27","Sell"
"1","1202","1225","2021-04-14 12:19:34.240","0","25","Buy"
"1","1203","-1217","2021-04-14 12:19:34.438","45","0","Buy"
"1","1204","-1209","2021-04-14 12:19:35.131","54","0","Sell"
"1","1205","1228","2021-04-14 12:19:36.177","46","27","Buy"
"1","1206","-1025","2021-04-14 12:19:36.627","42","0","Buy"
"1","1207","1230","2021-04-14 12:19:37.104","45","48","Buy"
"1","1208","-1228","2021-04-14 12:19:37.476","46","0","Buy"
"1","1209","-1201","2021-04-14 12:19:37.706","53","0","Sell"
"1","1210","1233","2021-04-14 12:19:38.339","46","24","Buy"
"1","1211","-1233","2021-04-14 12:19:38.491","46","0","Buy"
"1","1212","1235","2021-04-14 12:19:38.505","52","51","Sell"
"1","1213","-960","2021-04-14 12:19:38.508","42","0","Buy"
"1","1214","-1230","2021-04-14 12:19:38.925","45","0","Buy"
"1","1215","-1224","2021-04-14 12:19:39.386","54","0","Sell"
"1","1216","1239","2021-04-14 12:19:40.079","51","22","Sell"
"1","1217","1240","2021-04-14 12:19:40.646","46","24","Buy"
"1","1218","1241","2021-04-14 12:19:40.875","50","82","Sell"
"1","1219","-937","2021-04-14 12:19:41.527","42","0","Buy"
"1","1220","1243","2021-04-14 12:19:43.096","49","29","Sell"
"1","1221","-1240","2021-04-14 12:19:43.210","46","0","Buy"
"1","1222","1245","2021-04-14 12:19:43.910","44","34","Buy"
"1","1223","-1241","2021-04-14 12:19:43.968","50","0","Sell"
"1","1224","1247","2021-04-14 12:19:44.360","48","22","Sell"
"1","1225","1248","2021-04-14 12:19:45.608","44","379","Buy"
"1","1226","-1194","2021-04-14 12:19:45.721","45","0","Buy"
"1","1227","-1175","2021-04-14 12:19:46.418","45","0","Buy"
"1","1228","1251","2021-04-14 12:19:47.025","49","25","Sell"
"1","1229","1252","2021-04-14 12:19:47.124","43","68","Buy"
"1","1230","1253","2021-04-14 12:19:54.336","45","55","Buy"
"1","1231","-1243","2021-04-14 12:19:56.550","49","0","Sell"
"1","1232","1255","2021-04-14 12:19:57.005","0","22","Sell"
"1","1233","1256","2021-04-14 12:19:57.527","47","23","Sell"
"1","1234","1257","2021-04-14 12:19:59.575","0","24","Buy"
"1","1235","-1235","2021-04-14 12:19:59.655","52","0","Sell"
"1","1236","-1239","2021-04-14 12:20:01.419","51","0","Sell"
"1","1237","1260","2021-04-14 12:20:01.579","46","32","Buy"
"1","1238","-1251","2021-04-14 12:20:03.059","49","0","Sell"
"1","1239","1262","2021-04-14 12:20:03.364","47","81","Buy"
"1","1240","-1262","2021-04-14 12:20:03.602","47","0","Buy"
"1","1241","1264","2021-04-14 12:20:03.603","45","77","Buy"
"1","1242","-1247","2021-04-14 12:20:03.737","48","0","Sell"
"1","1243","-1162","2021-04-14 12:20:03.744","43","0","Buy"
"1","1244","-1221","2021-04-14 12:20:04.896","44","0","Buy"
"1","1245","1268","2021-04-14 12:20:05.134","47","41","Buy"
"1","1246","-1264","2021-04-14 12:20:05.410","45","0","Buy"
"1","1247","1270","2021-04-14 12:20:05.445","46","20","Buy"
"1","1248","-1196","2021-04-14 12:20:05.626","53","0","Sell"
"1","1249","1272","2021-04-14 12:20:05.843","57","24","Sell"
"1","1250","1273","2021-04-14 12:20:05.955","58","28","Sell"
"1","1251","-1268","2021-04-14 12:20:07.309","47","0","Buy"
"1","1252","-1272","2021-04-14 12:20:07.896","57","0","Sell"
"1","1253","-1273","2021-04-14 12:20:08.093","58","0","Sell"
"1","1254","1278","2021-04-14 12:20:08.587","47","23","Buy"
"1","1255","1280","2021-04-14 12:20:09.678","56","31","Sell"
"1","1256","-1278","2021-04-14 12:20:10.275","47","0","Buy"
"1","1257","1282","2021-04-14 12:20:11.196","0","20","Sell"
"1","1258","1283","2021-04-14 12:20:11.542","55","151","Sell"
"1","1259","-1260","2021-04-14 12:20:12.165","46","0","Buy"
"1","1260","1285","2021-04-14 12:20:12.683","54","21","Sell"
"1","1261","-1252","2021-04-14 12:20:13.360","43","0","Buy"
"1","1262","1287","2021-04-14 12:20:14.280","47","24","Buy"
"1","1263","-1287","2021-04-14 12:20:15.412","47","0","Buy"
"1","1264","1289","2021-04-14 12:20:15.564","53","397","Sell"
"1","1265","1290","2021-04-14 12:20:15.574","54","155","Sell"
"1","1266","-1283","2021-04-14 12:20:15.695","55","0","Sell"
"1","1267","1292","2021-04-14 12:20:16.715","0","21","Buy"
"1","1268","-1270","2021-04-14 12:20:16.963","46","0","Buy"
"1","1269","1294","2021-04-14 12:20:17.448","52","22","Sell"
"1","1270","1295","2021-04-14 12:20:17.509","51","125","Sell"
"1","1271","1296","2021-04-14 12:20:17.691","0","21","Sell"
"1","1272","1297","2021-04-14 12:20:18.141","44","29","Buy"
"1","1273","-1253","2021-04-14 12:20:18.803","45","0","Buy"
"1","1274","-1004","2021-04-14 12:20:18.967","43","0","Buy"
"1","1275","-1245","2021-04-14 12:20:19.501","44","0","Buy"
"1","1276","-1294","2021-04-14 12:20:19.532","52","0","Sell"
"1","1277","1302","2021-04-14 12:20:19.622","43","22","Buy"
"1","1278","-1297","2021-04-14 12:20:19.642","44","0","Buy"
"1","1279","-988","2021-04-14 12:20:19.933","41","0","Buy"
"1","1280","-1295","2021-04-14 12:20:20.768","51","0","Sell"
"1","1281","1306","2021-04-14 12:20:20.818","54","121","Sell"
"1","1282","1307","2021-04-14 12:20:21.000","45","51","Buy"
"1","1283","1308","2021-04-14 12:20:21.297","44","28","Buy"
"1","1284","1309","2021-04-14 12:20:21.555","46","23","Buy"
"1","1285","1310","2021-04-14 12:20:22.448","52","135","Sell"
"1","1286","1311","2021-04-14 12:20:22.965","45","37","Buy"
"1","1287","-1280","2021-04-14 12:20:23.081","56","0","Sell"
"1","1288","1313","2021-04-14 12:20:23.095","0","21","Sell"
"1","1289","1314","2021-04-14 12:20:24.171","53","37","Sell"
"1","1290","-1309","2021-04-14 12:20:24.291","46","0","Buy"
"1","1291","-1310","2021-04-14 12:20:24.530","52","0","Sell"
"1","1292","-1210","2021-04-14 12:20:24.688","44","0","Buy"
"1","1293","1318","2021-04-14 12:20:25.111","46","28","Buy"
"1","1294","1319","2021-04-14 12:20:25.113","47","40","Buy"
"1","1295","-1319","2021-04-14 12:20:25.206","47","0","Buy"
"1","1296","1321","2021-04-14 12:20:25.463","47","76","Buy"
"1","1297","-1306","2021-04-14 12:20:25.803","54","0","Sell"
"1","1298","-1248","2021-04-14 12:20:25.823","44","0","Buy"
"1","1299","1324","2021-04-14 12:20:25.895","52","37","Sell"
"1","1300","-1136","2021-04-14 12:20:26.172","43","0","Buy"
"1","1301","1326","2021-04-14 12:20:26.336","51","41","Sell"
"1","1302","-1321","2021-04-14 12:20:26.473","47","0","Buy"
"1","1303","1328","2021-04-14 12:20:27.048","45","22","Buy"
"1","1304","1329","2021-04-14 12:20:28.612","45","177","Buy"
"1","1305","-1318","2021-04-14 12:20:28.929","46","0","Buy"
"1","1306","-1324","2021-04-14 12:20:30.197","52","0","Sell"
"1","1307","-1311","2021-04-14 12:20:30.541","45","0","Buy"
"1","1308","1333","2021-04-14 12:20:31.777","44","33","Buy"
"1","1309","1334","2021-04-14 12:20:31.829","0","29","Sell"
"1","1310","1335","2021-04-14 12:20:36.069","44","37","Buy"
"1","1311","-1285","2021-04-14 12:20:37.827","54","0","Sell"
"1","1312","1337","2021-04-14 12:20:39.803","46","33","Buy"
"1","1313","1338","2021-04-14 12:20:40.935","0","74","Buy"
"1","1314","1339","2021-04-14 12:20:41.056","54","150","Sell"
"1","1315","1340","2021-04-14 12:20:41.576","0","45","Buy"
"1","1316","1341","2021-04-14 12:20:44.061","47","54","Buy"
"1","1317","-1314","2021-04-14 12:20:47.139","53","0","Sell"
"1","1318","1343","2021-04-14 12:20:50.753","0","23","Sell"
"1","1319","1344","2021-04-14 12:20:50.947","54","43","Sell"
"1","1320","1345","2021-04-14 12:20:52.290","0","36","Sell"
"1","1321","-1290","2021-04-14 12:20:53.909","54","0","Sell"
"1","1322","1347","2021-04-14 12:20:54.328","47","40","Buy"
"1","1323","1348","2021-04-14 12:20:56.459","48","25","Buy"
"1","1324","1349","2021-04-14 12:20:58.841","52","122","Sell"
"1","1325","-1339","2021-04-14 12:20:58.926","54","0","Sell"
"1","1326","1351","2021-04-14 12:21:00.482","0","184","Buy"
"1","1327","1352","2021-04-14 12:21:01.810","49","131","Buy"
"1","1328","1353","2021-04-14 12:21:02.054","50","23","Buy"
"1","1329","-1353","2021-04-14 12:21:10.410","50","0","Buy"
"1","1330","1355","2021-04-14 12:21:20.902","0","24","Buy"
"1","1331","1356","2021-04-14 12:21:25.835","0","756","Buy"
"1","1332","1357","2021-04-14 12:21:27.401","48","105","Buy"
"1","1333","1358","2021-04-14 12:21:27.488","48","793","Buy"
"1","1334","-1357","2021-04-14 12:21:30.038","48","0","Buy"
"1","1335","1360","2021-04-14 12:21:31.310","50","85","Buy"
"1","1336","1361","2021-04-14 12:21:32.708","53","128","Sell"
"1","1337","1362","2021-04-14 12:21:33.101","49","34","Buy"
"1","1338","-1347","2021-04-14 12:21:34.595","47","0","Buy"
"1","1339","1364","2021-04-14 12:21:35.265","51","46","Buy"
"1","1340","1365","2021-04-14 12:21:35.647","0","22","Sell"
"1","1341","1366","2021-04-14 12:21:35.657","54","567","Sell"
"1","1342","1367","2021-04-14 12:21:36.162","54","25","Sell"
"1","1343","1368","2021-04-14 12:21:37.086","54","23","Sell"
"1","1344","-1361","2021-04-14 12:21:38.304","53","0","Sell"
"1","1345","1370","2021-04-14 12:21:38.330","50","33","Buy"
"1","1346","1371","2021-04-14 12:21:39.811","52","31","Buy"
"1","1347","1372","2021-04-14 12:21:47.249","0","30","Buy"
"1","1348","-1168","2021-04-14 12:21:59.006","42","0","Buy"
"1","1349","1374","2021-04-14 12:22:09.115","51","214","Buy"
"1","1350","1375","2021-04-14 12:22:10.830","53","33","Sell"
"1","1351","-1337","2021-04-14 12:22:11.301","46","0","Buy"
"1","1352","-1375","2021-04-14 12:22:15.830","53","0","Sell"
"1","1353","-1371","2021-04-14 12:22:16.127","52","0","Buy"
"1","1354","-1364","2021-04-14 12:22:21.595","51","0","Buy"
"1","1355","-1374","2021-04-14 12:22:24.428","51","0","Buy"
"1","1356","1381","2021-04-14 12:22:26.280","51","32","Buy"
"1","1357","-1381","2021-04-14 12:22:32.308","51","0","Buy"
"1","1358","1383","2021-04-14 12:22:33.183","55","29","Sell"
"1","1359","1384","2021-04-14 12:22:34.599","51","25","Buy"
"1","1360","-1366","2021-04-14 12:22:34.828","54","0","Sell"
"1","1361","1386","2021-04-14 12:22:34.989","55","40","Sell"
"1","1362","1387","2021-04-14 12:22:35.403","50","59","Buy"
"1","1363","1388","2021-04-14 12:22:35.404","53","27","Sell"
"1","1364","1389","2021-04-14 12:22:35.778","52","51","Buy"
"1","1365","1390","2021-04-14 12:22:36.059","0","301","Sell"
"1","1366","1391","2021-04-14 12:22:36.149","52","735","Sell"
"1","1367","-1368","2021-04-14 12:22:36.214","54","0","Sell"
"1","1368","-1391","2021-04-14 12:22:36.228","52","0","Sell"
"1","1369","1394","2021-04-14 12:22:38.849","52","57","Sell"
"1","1370","-1335","2021-04-14 12:22:38.852","44","0","Buy"
"1","1371","1396","2021-04-14 12:22:39.614","50","52","Buy"
"1","1372","-1386","2021-04-14 12:22:40.322","55","0","Sell"
"1","1373","1398","2021-04-14 12:22:41.135","53","23","Sell"
"1","1374","-1396","2021-04-14 12:22:41.900","50","0","Buy"
"1","1375","-1388","2021-04-14 12:22:42.141","53","0","Sell"
"1","1376","1401","2021-04-14 12:22:43.628","51","218","Sell"
"1","1377","1402","2021-04-14 12:22:44.405","0","34","Buy"
"1","1378","1403","2021-04-14 12:22:45.929","52","25","Sell"
"1","1379","1404","2021-04-14 12:22:47.504","50","29","Buy"
"1","1380","-1404","2021-04-14 12:22:49.029","50","0","Buy"
"1","1381","1406","2021-04-14 12:22:49.926","50","26","Buy"
"1","1382","1407","2021-04-14 12:22:50.844","50","46","Buy"
"1","1383","1408","2021-04-14 12:22:53.233","49","421","Buy"
"1","1384","1409","2021-04-14 12:23:05.812","49","27","Buy"
"1","1385","1410","2021-04-14 12:23:07.751","0","59","Buy"
"1","1386","1411","2021-04-14 12:23:07.808","0","97","Buy"
"1","1387","-1358","2021-04-14 12:23:12.852","48","0","Buy"
"1","1388","1413","2021-04-14 12:23:14.272","51","108","Sell"
"1","1389","-1367","2021-04-14 12:23:15.265","54","0","Sell"
"1","1390","-1398","2021-04-14 12:23:16.083","53","0","Sell"
"1","1391","1416","2021-04-14 12:23:17.095","0","76","Buy"
"1","1392","-1406","2021-04-14 12:23:17.741","50","0","Buy"
"1","1393","-1407","2021-04-14 12:23:21.772","50","0","Buy"
"1","1394","1419","2021-04-14 12:23:22.426","52","107","Sell"
"1","1395","-1413","2021-04-14 12:23:23.303","51","0","Sell"
"1","1396","1421","2021-04-14 12:23:25.817","51","27","Sell"
"1","1397","-1348","2021-04-14 12:23:26.204","48","0","Buy"
"1","1398","-1333","2021-04-14 12:23:28.451","44","0","Buy"
"1","1399","1424","2021-04-14 12:23:29.608","48","9679","Buy"
"1","1400","-1403","2021-04-14 12:23:31.816","52","0","Sell"
"1","1401","-1362","2021-04-14 12:23:32.645","49","0","Buy"
"1","1402","-1421","2021-04-14 12:23:34.462","51","0","Sell"
"1","1403","-1383","2021-04-14 12:23:36.612","55","0","Sell"
"1","1404","1430","2021-04-14 12:23:38.071","51","102","Sell"
"1","1405","-1394","2021-04-14 12:23:39.950","52","0","Sell"
"1","1406","1432","2021-04-14 12:23:39.986","52","22","Sell"
"1","1407","1433","2021-04-14 12:23:42.273","50","166","Sell"
"1","1408","1434","2021-04-14 12:23:44.251","0","35","Sell"
"1","1409","1435","2021-04-14 12:23:44.308","48","54","Buy"
"1","1410","1436","2021-04-14 12:23:46.033","48","27","Buy"
"1","1411","-1430","2021-04-14 12:23:46.520","51","0","Sell"
"1","1412","1438","2021-04-14 12:23:48.157","48","24","Buy"
"1","1413","1439","2021-04-14 12:23:48.701","51","82","Sell"
"1","1414","1440","2021-04-14 12:23:49.633","51","5461","Sell"
"1","1415","-1433","2021-04-14 12:23:50.140","50","0","Sell"
"1","1416","1442","2021-04-14 12:23:50.200","52","40","Sell"
"1","1417","1443","2021-04-14 12:23:52.139","50","174","Sell"
"1","1418","-1171","2021-04-14 12:23:52.852","44","0","Buy"
"1","1419","1445","2021-04-14 12:23:53.370","49","131","Buy"
"1","1420","1446","2021-04-14 12:23:53.638","48","218","Buy"
"1","1421","1447","2021-04-14 12:23:55.302","49","32","Buy"
"1","1422","-1435","2021-04-14 12:24:00.632","48","0","Buy"
"1","1423","1449","2021-04-14 12:24:01.397","0","26","Buy"
"1","1424","1450","2021-04-14 12:24:03.684","0","20","Sell"
"1","1425","1451","2021-04-14 12:24:03.765","51","72","Sell"
"1","1426","-1447","2021-04-14 12:24:04.834","49","0","Buy"
"1","1427","1453","2021-04-14 12:24:05.037","48","53","Buy"
"1","1428","-1110","2021-04-14 12:24:06.532","43","0","Buy"
"1","1429","1455","2021-04-14 12:24:06.805","51","27","Sell"
"1","1430","1456","2021-04-14 12:24:12.040","50","44","Sell"
"1","1431","1457","2021-04-14 12:24:12.544","51","25","Sell"
"1","1432","-1456","2021-04-14 12:24:14.686","50","0","Sell"
"1","1433","-1446","2021-04-14 12:24:14.878","48","0","Buy"
"1","1434","1460","2021-04-14 12:24:17.008","48","41","Buy"
"1","1435","1461","2021-04-14 12:24:17.168","48","28","Buy"
"1","1436","-1443","2021-04-14 12:24:18.023","50","0","Sell"
"1","1437","1463","2021-04-14 12:24:19.130","52","27","Sell"
"1","1438","1464","2021-04-14 12:24:21.663","52","33","Sell"
"1","1439","-1453","2021-04-14 12:24:27.113","48","0","Buy"
"1","1440","1466","2021-04-14 12:24:27.674","50","24","Sell"
"1","1441","-1352","2021-04-14 12:24:28.658","49","0","Buy"
"1","1442","1468","2021-04-14 12:24:32.320","48","487","Buy"
"1","1443","-1307","2021-04-14 12:24:32.883","45","0","Buy"
"1","1444","1470","2021-04-14 12:24:34.147","50","37","Sell"
"1","1445","-1468","2021-04-14 12:24:35.234","48","0","Buy"
"1","1446","-1408","2021-04-14 12:24:37.233","49","0","Buy"
"1","1447","1473","2021-04-14 12:24:40.081","0","116","Buy"
"1","1448","1474","2021-04-14 12:24:40.494","50","69","Buy"
"1","1449","1475","2021-04-14 12:24:43.151","0","25","Sell"
"1","1450","1476","2021-04-14 12:24:43.307","51","57","Sell"
"1","1451","1477","2021-04-14 12:24:43.468","52","126","Sell"
"1","1452","-1464","2021-04-14 12:24:43.702","52","0","Sell"
"1","1453","1479","2021-04-14 12:24:43.905","0","133","Buy"
"1","1454","-1476","2021-04-14 12:24:44.379","51","0","Sell"
"1","1455","-1409","2021-04-14 12:24:49.102","49","0","Buy"
"1","1456","1482","2021-04-14 12:24:50.401","52","48","Sell"
"1","1457","1483","2021-04-14 12:24:50.548","0","37","Sell"
"1","1458","1484","2021-04-14 12:24:52.365","50","276","Buy"
"1","1459","-1438","2021-04-14 12:24:56.502","48","0","Buy"
"1","1460","1486","2021-04-14 12:24:57.030","49","78","Buy"
"1","1461","1487","2021-04-14 12:25:06.439","50","56","Buy"
"1","1462","1488","2021-04-14 12:25:10.051","51","46","Sell"
"1","1463","1489","2021-04-14 12:25:11.744","52","41","Sell"
"1","1464","-1477","2021-04-14 12:25:13.818","52","0","Sell"
"1","1465","-1432","2021-04-14 12:25:17.256","52","0","Sell"
"1","1466","-1484","2021-04-14 12:25:17.388","50","0","Buy"
"1","1467","-1460","2021-04-14 12:25:18.586","48","0","Buy"
"1","1468","1494","2021-04-14 12:25:18.642","50","49","Buy"
"1","1469","1495","2021-04-14 12:25:19.764","49","24","Buy"
"1","1470","1496","2021-04-14 12:25:21.253","0","87","Sell"
"1","1471","-1494","2021-04-14 12:25:23.434","50","0","Buy"
"1","1472","1498","2021-04-14 12:25:23.535","52","31","Sell"
"1","1473","-1486","2021-04-14 12:25:23.802","49","0","Buy"
"1","1474","1500","2021-04-14 12:25:25.703","48","25","Buy"
"1","1475","1501","2021-04-14 12:25:27.488","0","24","Sell"
"1","1476","-1308","2021-04-14 12:25:30.194","44","0","Buy"
"1","1477","1503","2021-04-14 12:25:32.238","52","28","Sell"
"1","1478","1504","2021-04-14 12:25:32.307","50","25","Sell"
"1","1479","-1445","2021-04-14 12:25:32.783","49","0","Buy"
"1","1480","-1504","2021-04-14 12:25:33.049","50","0","Sell"
"1","1481","1507","2021-04-14 12:25:33.311","0","34","Sell"
"1","1482","-1482","2021-04-14 12:25:33.322","52","0","Sell"
"1","1483","1509","2021-04-14 12:25:33.387","47","22","Buy"
"1","1484","1510","2021-04-14 12:25:33.889","50","65","Sell"
"1","1485","1511","2021-04-14 12:25:34.236","47","32","Buy"
"1","1486","1512","2021-04-14 12:25:35.790","47","31","Buy"
"1","1487","1513","2021-04-14 12:25:37.475","47","76","Buy"
"1","1488","1514","2021-04-14 12:25:39.235","49","24","Buy"
"1","1489","1515","2021-04-14 12:25:41.720","50","200","Sell"
"1","1490","1516","2021-04-14 12:25:43.365","0","41","Buy"
"1","1491","1517","2021-04-14 12:25:43.836","50","24","Sell"
"1","1492","1518","2021-04-14 12:25:44.148","50","33","Sell"
"1","1493","1519","2021-04-14 12:25:47.181","0","47","Sell"
"1","1494","-1498","2021-04-14 12:25:53.683","52","0","Sell"
"1","1495","1521","2021-04-14 12:25:56.004","49","610","Buy"
"1","1496","-1517","2021-04-14 12:25:56.540","50","0","Sell"
"1","1497","1523","2021-04-14 12:25:58.456","51","23","Sell"
"1","1498","1524","2021-04-14 12:26:00.510","50","25","Sell"
"1","1499","-1521","2021-04-14 12:26:01.432","49","0","Buy"
"1","1500","1526","2021-04-14 12:26:03.491","47","204","Buy"
"1","1501","-1489","2021-04-14 12:26:04.542","52","0","Sell"
"1","1502","1528","2021-04-14 12:26:05.649","49","24","Buy"
"1","1503","-1302","2021-04-14 12:26:05.834","43","0","Buy"
"1","1504","1530","2021-04-14 12:26:13.503","0","132","Buy"
"1","1505","-1524","2021-04-14 12:26:15.504","50","0","Sell"
"1","1506","-1436","2021-04-14 12:26:15.639","48","0","Buy"
"1","1507","1533","2021-04-14 12:26:15.968","48","34","Buy"
"1","1508","1534","2021-04-14 12:26:18.269","49","44","Buy"
"1","1509","1535","2021-04-14 12:26:31.337","49","30","Buy"
"1","1510","1536","2021-04-14 12:26:32.013","51","30","Sell"
"1","1511","1537","2021-04-14 12:26:51.076","51","24","Sell"
"1","1512","1538","2021-04-14 12:26:52.910","49","43","Buy"
"1","1513","-1329","2021-04-14 12:26:54.798","45","0","Buy"
"1","1514","-1419","2021-04-14 12:26:55.403","52","0","Sell"
"1","1515","1541","2021-04-14 12:26:56.554","49","31","Buy"
"1","1516","1542","2021-04-14 12:26:58.849","51","213","Sell"
"1","1517","-1534","2021-04-14 12:27:00.208","49","0","Buy"
"1","1518","-1542","2021-04-14 12:27:00.237","51","0","Sell"
"1","1519","-1518","2021-04-14 12:27:01.607","50","0","Sell"
"1","1520","1546","2021-04-14 12:27:01.841","49","115","Buy"
"1","1521","1547","2021-04-14 12:27:02.699","0","44","Sell"
"1","1522","-1535","2021-04-14 12:27:02.878","49","0","Buy"
"1","1523","1549","2021-04-14 12:27:03.017","48","160","Buy"
"1","1524","1550","2021-04-14 12:27:03.490","49","33","Buy"
"1","1525","1551","2021-04-14 12:27:03.556","49","73","Buy"
"1","1526","1552","2021-04-14 12:27:03.717","0","72","Buy"
"1","1527","-1461","2021-04-14 12:27:04.350","48","0","Buy"
"1","1528","1554","2021-04-14 12:27:04.945","50","21","Sell"
"1","1529","-1515","2021-04-14 12:27:06.385","50","0","Sell"
"1","1530","1556","2021-04-14 12:27:07.257","49","22","Buy"
"1","1531","1557","2021-04-14 12:27:16.304","49","109","Buy"
"1","1532","1558","2021-04-14 12:27:16.574","49","33","Buy"
"1","1533","1559","2021-04-14 12:27:17.094","49","71","Buy"
"1","1534","1560","2021-04-14 12:27:18.336","48","30","Buy"
"1","1535","-1541","2021-04-14 12:27:51.868","49","0","Buy"
"1","1536","1562","2021-04-14 12:27:52.411","0","562","Sell"
"1","1537","1563","2021-04-14 12:27:57.274","51","27","Sell"
"1","1538","-1457","2021-04-14 12:28:06.859","51","0","Sell"
"1","1539","1565","2021-04-14 12:28:13.117","51","39","Sell"
"1","1540","1566","2021-04-14 12:28:15.891","0","60","Buy"
"1","1541","-1537","2021-04-14 12:28:17.672","51","0","Sell"
"1","1542","1568","2021-04-14 12:28:18.846","52","32","Sell"
"1","1543","1569","2021-04-14 12:28:19.070","50","724","Sell"
"1","1544","-1424","2021-04-14 12:28:20.264","48","0","Buy"
"1","1545","-1569","2021-04-14 12:28:20.285","50","0","Sell"
"1","1546","1572","2021-04-14 12:28:21.150","0","207","Buy"
"1","1547","1573","2021-04-14 12:28:23.472","52","254","Sell"
"1","1548","1574","2021-04-14 12:28:24.114","0","77","Buy"
"1","1549","1575","2021-04-14 12:28:24.167","49","80","Buy"
"1","1550","-1523","2021-04-14 12:28:25.558","51","0","Sell"
"1","1551","-1575","2021-04-14 12:28:27.949","49","0","Buy"
"1","1552","-1463","2021-04-14 12:28:30.706","52","0","Sell"
"1","1553","1579","2021-04-14 12:28:32.674","0","166","Buy"
"1","1554","1580","2021-04-14 12:28:35.459","49","84","Buy"
"1","1555","1581","2021-04-14 12:28:35.697","50","102","Sell"
"1","1556","1582","2021-04-14 12:28:35.751","48","26","Buy"
"1","1557","1583","2021-04-14 12:28:36.485","48","21","Buy"
"1","1558","-1581","2021-04-14 12:28:39.168","50","0","Sell"
"1","1559","1585","2021-04-14 12:28:40.675","50","77","Buy"
"1","1560","1586","2021-04-14 12:28:41.383","0","60","Sell"
"1","1561","-1503","2021-04-14 12:28:41.386","52","0","Sell"
"1","1562","1588","2021-04-14 12:28:41.877","0","639","Sell"
"1","1563","1589","2021-04-14 12:28:42.140","0","33","Sell"
"1","1564","1590","2021-04-14 12:28:42.970","0","39","Buy"
"1","1565","1591","2021-04-14 12:28:43.906","0","75","Buy"
"1","1566","-1526","2021-04-14 12:28:48.335","47","0","Buy"
"1","1567","-1182","2021-04-14 12:28:48.809","44","0","Buy"
"1","1568","-1328","2021-04-14 12:28:49.331","45","0","Buy"
"1","1569","-1573","2021-04-14 12:28:50.042","52","0","Sell"
"1","1570","-1442","2021-04-14 12:28:50.045","52","0","Sell"
"1","1571","1598","2021-04-14 12:28:50.389","52","43","Sell"
"1","1572","1599","2021-04-14 12:28:54.756","50","20","Sell"
"1","1573","-1455","2021-04-14 12:28:54.759","51","0","Sell"
"1","1574","-1599","2021-04-14 12:28:55.570","50","0","Sell"
"1","1575","1602","2021-04-14 12:28:56.136","42","50","Buy"
"1","1576","1603","2021-04-14 12:28:58.861","50","133","Sell"
"1","1577","1604","2021-04-14 12:29:00.489","51","38","Sell"
"1","1578","1605","2021-04-14 12:29:04.790","51","124","Sell"
"1","1579","1607","2021-04-14 12:29:05.565","51","42","Sell"
"1","1580","-1603","2021-04-14 12:29:09.329","50","0","Sell"
"1","1581","1609","2021-04-14 12:29:09.811","50","52","Sell"
"1","1582","-1451","2021-04-14 12:29:11.135","51","0","Sell"
"1","1583","-1536","2021-04-14 12:29:11.493","51","0","Sell"
"1","1584","1613","2021-04-14 12:29:11.893","41","68","Buy"
"1","1585","1614","2021-04-14 12:29:13.735","0","34","Buy"
"1","1586","-1488","2021-04-14 12:29:15.529","51","0","Sell"
"1","1587","-1609","2021-04-14 12:29:16.600","50","0","Sell"
"1","1588","1617","2021-04-14 12:29:17.193","52","82","Sell"
"1","1589","-1563","2021-04-14 12:29:17.252","51","0","Sell"
"1","1590","1619","2021-04-14 12:29:18.491","0","44","Buy"
"1","1591","1620","2021-04-14 12:29:19.211","43","42","Buy"
"1","1592","-1568","2021-04-14 12:29:19.601","52","0","Sell"
"1","1593","1622","2021-04-14 12:29:20.758","42","41","Buy"
"1","1594","1623","2021-04-14 12:29:21.458","42","118","Buy"
"1","1595","-1598","2021-04-14 12:29:22.467","52","0","Sell"
"1","1596","1625","2021-04-14 12:29:23.303","44","50","Buy"
"1","1597","1626","2021-04-14 12:29:24.065","0","54","Sell"
"1","1598","1627","2021-04-14 12:29:26.007","0","23","Buy"
"1","1599","-1617","2021-04-14 12:29:26.523","52","0","Sell"
"1","1600","-1440","2021-04-14 12:29:27.356","51","0","Sell"
"1","1601","1630","2021-04-14 12:29:27.628","42","29","Buy"
"1","1602","1631","2021-04-14 12:29:29.073","42","58","Buy"
"1","1603","1632","2021-04-14 12:29:30.173","44","51","Buy"
"1","1604","1633","2021-04-14 12:29:31.847","45","269","Buy"
"1","1605","-1623","2021-04-14 12:29:31.990","42","0","Buy"
"1","1606","1637","2021-04-14 12:29:33.124","0","39","Buy"
"1","1607","1638","2021-04-14 12:29:33.256","44","25","Buy"
"1","1608","1639","2021-04-14 12:29:33.886","46","34","Buy"
"1","1609","-1639","2021-04-14 12:29:34.019","46","0","Buy"
"1","1610","1641","2021-04-14 12:29:34.093","44","31","Buy"
"1","1611","1643","2021-04-14 12:29:35.143","52","39","Sell"
"1","1612","1644","2021-04-14 12:29:35.201","50","99","Sell"
"1","1613","1645","2021-04-14 12:29:36.004","0","41","Sell"
"1","1614","1646","2021-04-14 12:29:36.987","44","39","Buy"
"1","1615","1647","2021-04-14 12:29:38.437","51","20","Sell"
"1","1616","1648","2021-04-14 12:29:39.332","49","76","Sell"
"1","1617","1649","2021-04-14 12:29:40.966","50","48","Sell"
"1","1618","1650","2021-04-14 12:29:43.138","46","36","Buy"
"1","1619","1651","2021-04-14 12:29:45.351","45","31","Buy"
"1","1620","1652","2021-04-14 12:29:45.669","47","97","Buy"
"1","1621","-1644","2021-04-14 12:29:45.801","50","0","Sell"
"1","1622","1654","2021-04-14 12:29:47.133","48","53","Sell"
"1","1623","-1652","2021-04-14 12:29:47.585","47","0","Buy"
"1","1624","-1654","2021-04-14 12:29:49.049","48","0","Sell"
"1","1625","1657","2021-04-14 12:29:49.179","47","39","Buy"
"1","1626","1658","2021-04-14 12:29:49.611","50","55","Sell"
"1","1627","-1657","2021-04-14 12:29:51.542","47","0","Buy"
"1","1628","1660","2021-04-14 12:29:52.477","0","727","Sell"
"1","1629","1661","2021-04-14 12:29:52.944","42","92","Buy"
"1","1630","1662","2021-04-14 12:29:53.946","48","139","Sell"
"1","1631","1663","2021-04-14 12:29:55.408","43","41","Buy"
"1","1632","1664","2021-04-14 12:29:56.057","49","34","Sell"
"1","1633","1665","2021-04-14 12:29:56.170","42","34","Buy"
"1","1634","-1662","2021-04-14 12:29:56.615","48","0","Sell"
"1","1635","1667","2021-04-14 12:29:58.510","44","54","Buy"
"1","1636","1668","2021-04-14 12:29:59.673","43","27","Buy"
"1","1637","1669","2021-04-14 12:29:59.740","0","25","Sell"
"1","1638","-1607","2021-04-14 12:30:00.331","51","0","Sell"
"1","1639","1671","2021-04-14 12:30:04.878","0","70","Sell"
"1","1640","1672","2021-04-14 12:30:08.097","0","82","Buy"
"1","1641","-1665","2021-04-14 12:30:08.744","42","0","Buy"
"1","1642","-1664","2021-04-14 12:30:09.925","49","0","Sell"
"1","1643","-1668","2021-04-14 12:30:10.289","43","0","Buy"
"1","1644","1677","2021-04-14 12:30:11.119","0","45","Sell"
"1","1645","1678","2021-04-14 12:30:11.236","0","55","Sell"
"1","1646","1679","2021-04-14 12:30:11.359","41","68","Buy"
"1","1647","1680","2021-04-14 12:30:11.790","0","68","Sell"
"1","1648","1681","2021-04-14 12:30:12.058","0","23","Buy"
"1","1649","1682","2021-04-14 12:30:12.805","40","42","Buy"
"1","1650","-1682","2021-04-14 12:30:13.630","40","0","Buy"
"1","1651","1684","2021-04-14 12:30:13.999","49","25","Buy"
"1","1652","1685","2021-04-14 12:30:15.702","48","533","Buy"
"1","1653","1686","2021-04-14 12:30:18.138","51","1945","Sell"
"1","1654","1687","2021-04-14 12:30:19.426","49","25","Buy"
"1","1655","1688","2021-04-14 12:30:20.951","49","50","Buy"
"1","1656","1689","2021-04-14 12:30:20.953","50","49","Sell"
"1","1657","-1687","2021-04-14 12:30:21.371","49","0","Buy"
"1","1658","1691","2021-04-14 12:30:21.693","49","27","Buy"
"1","1659","1692","2021-04-14 12:30:22.670","48","232","Buy"
"1","1660","1693","2021-04-14 12:30:24.308","0","84","Sell"
"1","1661","1694","2021-04-14 12:30:24.429","51","39","Sell"
"1","1662","1695","2021-04-14 12:30:26.173","51","28","Sell"
"1","1663","1696","2021-04-14 12:30:27.529","0","50","Sell"
"1","1664","1697","2021-04-14 12:30:27.531","49","46","Buy"
"1","1665","1698","2021-04-14 12:30:27.932","0","48","Sell"
"1","1666","-1689","2021-04-14 12:30:28.255","50","0","Sell"
"1","1667","1702","2021-04-14 12:30:28.277","49","51","Buy"
"1","1668","-1647","2021-04-14 12:30:28.946","51","0","Sell"
"1","1669","1704","2021-04-14 12:30:29.055","49","61","Buy"
"1","1670","-1685","2021-04-14 12:30:29.791","48","0","Buy"
"1","1671","-1702","2021-04-14 12:30:30.278","49","0","Buy"
"1","1672","1707","2021-04-14 12:30:30.783","49","54","Buy"
"1","1673","1708","2021-04-14 12:30:31.291","49","232","Buy"
"1","1674","-1686","2021-04-14 12:30:31.500","51","0","Sell"
"1","1675","1710","2021-04-14 12:30:34.231","48","24","Buy"
"1","1676","-1604","2021-04-14 12:30:40.506","51","0","Sell"
"1","1677","-1658","2021-04-14 12:30:40.634","50","0","Sell"
"1","1678","1713","2021-04-14 12:30:42.925","48","48","Buy"
"1","1679","1714","2021-04-14 12:30:44.155","48","21","Buy"
"1","1680","1715","2021-04-14 12:30:44.321","0","141","Sell"
"1","1681","1716","2021-04-14 12:30:52.528","0","103","Buy"
"1","1682","-1643","2021-04-14 12:30:52.754","52","0","Sell"
"1","1683","-1605","2021-04-14 12:30:56.247","51","0","Sell"
"1","1684","1719","2021-04-14 12:30:58.453","50","23","Sell"
"1","1685","1720","2021-04-14 12:30:58.656","50","21","Sell"
"1","1686","-1713","2021-04-14 12:30:58.878","48","0","Buy"
"1","1687","-1694","2021-04-14 12:30:59.670","51","0","Sell"
"1","1688","1723","2021-04-14 12:30:59.683","48","22","Buy"
