"OrderId","ClientOrderId","Price","Volume","DateTime"
"1","2","98","62","2021-04-14 19:06:29.740"
"2","12","90","42","2021-04-14 19:06:30.412"
"3","9","89","11","2021-04-14 19:06:30.412"
"4","20","91","22","2021-04-14 19:06:30.440"
"5","18","90","22","2021-04-14 19:06:30.441"
"6","21","90","53","2021-04-14 19:06:30.441"
"7","9","89","11","2021-04-14 19:06:30.441"
"8","8","88","50","2021-04-14 19:06:30.441"
"9","17","88","37","2021-04-14 19:06:30.441"
"10","42","98","24","2021-04-14 19:06:30.493"
"11","13","99","95","2021-04-14 19:06:30.493"
"12","54","98","22","2021-04-14 19:06:30.497"
"13","13","99","27","2021-04-14 19:06:30.497"
"14","16","99","23","2021-04-14 19:06:30.497"
"15","64","95","64","2021-04-14 19:06:30.521"
"16","63","98","62","2021-04-14 19:06:30.523"
"17","16","99","2","2021-04-14 19:06:30.523"
"18","50","99","27","2021-04-14 19:06:30.523"
"19","72","98","59","2021-04-14 19:06:30.535"
"20","64","95","92","2021-04-14 19:06:30.540"
"21","69","94","24","2021-04-14 19:06:30.541"
"22","71","94","29","2021-04-14 19:06:30.541"
"23","61","93","55","2021-04-14 19:06:30.541"
"24","56","92","27","2021-04-14 19:06:30.541"
"25","125","90","42","2021-04-14 19:06:30.636"
"26","122","89","103","2021-04-14 19:06:30.636"
"27","127","90","22","2021-04-14 19:06:30.642"
"28","122","89","22","2021-04-14 19:06:30.642"
"29","112","88","20","2021-04-14 19:06:30.642"
"30","114","88","105","2021-04-14 19:06:30.642"
"31","115","88","29","2021-04-14 19:06:30.642"
"32","124","88","99","2021-04-14 19:06:30.642"
"33","109","87","46","2021-04-14 19:06:30.642"
"34","128","95","45","2021-04-14 19:06:30.643"
"35","123","96","35","2021-04-14 19:06:30.643"
"36","129","96","112","2021-04-14 19:06:30.643"
"37","84","97","21","2021-04-14 19:06:30.643"
"38","84","97","41","2021-04-14 19:06:30.648"
"39","103","97","464","2021-04-14 19:06:30.648"
"40","139","95","38","2021-04-14 19:06:30.672"
"41","132","94","27","2021-04-14 19:06:30.672"
"42","142","94","93","2021-04-14 19:06:30.673"
"43","154","94","27","2021-04-14 19:06:30.689"
"44","153","95","40","2021-04-14 19:06:30.689"
"45","152","96","5","2021-04-14 19:06:30.689"
"46","173","94","24","2021-04-14 19:06:30.727"
"47","161","95","51","2021-04-14 19:06:30.727"
"48","180","94","24","2021-04-14 19:06:30.740"
"49","161","95","26","2021-04-14 19:06:30.740"
"50","161","95","23","2021-04-14 19:06:30.745"
"51","152","96","22","2021-04-14 19:06:30.746"
"52","168","96","108","2021-04-14 19:06:30.746"
"53","144","97","27","2021-04-14 19:06:30.754"
"54","159","97","32","2021-04-14 19:06:30.754"
"55","160","97","45","2021-04-14 19:06:30.754"
"56","196","89","109","2021-04-14 19:06:30.793"
"57","213","94","49","2021-04-14 19:06:30.796"
"58","197","95","37","2021-04-14 19:06:30.796"
"59","207","96","20","2021-04-14 19:06:30.796"
"60","223","92","29","2021-04-14 19:06:30.812"
"61","215","91","26","2021-04-14 19:06:30.812"
"62","222","96","49","2021-04-14 19:06:30.813"
"63","216","97","51","2021-04-14 19:06:30.814"
"64","219","97","45","2021-04-14 19:06:30.814"
"65","245","97","54","2021-04-14 19:06:30.854"
"66","249","98","28","2021-04-14 19:06:30.854"
"67","241","96","27","2021-04-14 19:06:30.867"
"68","243","96","28","2021-04-14 19:06:30.867"
"69","244","96","24","2021-04-14 19:06:30.867"
"70","247","95","36","2021-04-14 19:06:30.867"
"71","261","95","23","2021-04-14 19:06:30.885"
"72","265","95","30","2021-04-14 19:06:30.885"
"73","268","94","33","2021-04-14 19:06:30.885"
"74","291","103","22","2021-04-14 19:06:30.926"
"75","289","104","32","2021-04-14 19:06:30.926"
"76","257","105","33","2021-04-14 19:06:30.926"
"77","294","105","25","2021-04-14 19:06:30.930"
"78","295","101","33","2021-04-14 19:06:30.932"
"79","285","100","30","2021-04-14 19:06:30.933"
"80","288","100","15","2021-04-14 19:06:30.933"
"81","288","100","114","2021-04-14 19:06:30.934"
"82","288","100","50","2021-04-14 19:06:30.935"
"83","322","104","65","2021-04-14 19:06:30.970"
"84","288","100","514","2021-04-14 19:06:30.972"
"85","288","100","53","2021-04-14 19:06:30.990"
"86","337","102","32","2021-04-14 19:06:30.995"
"87","332","103","88","2021-04-14 19:06:30.995"
"88","322","104","31","2021-04-14 19:06:30.995"
"89","344","102","87","2021-04-14 19:06:31.007"
"90","361","101","87","2021-04-14 19:06:31.043"
"91","357","102","21","2021-04-14 19:06:31.043"
"92","341","103","30","2021-04-14 19:06:31.043"
"93","360","103","9","2021-04-14 19:06:31.043"
"94","307","100","22","2021-04-14 19:06:31.056"
"95","316","100","53","2021-04-14 19:06:31.056"
"96","355","100","33","2021-04-14 19:06:31.056"
"97","325","99","23","2021-04-14 19:06:31.056"
"98","343","99","50","2021-04-14 19:06:31.056"
"99","346","99","31","2021-04-14 19:06:31.056"
"100","370","99","51","2021-04-14 19:06:31.056"
"101","372","99","42","2021-04-14 19:06:31.056"
"102","349","104","25","2021-04-14 19:06:31.068"
"103","371","104","21","2021-04-14 19:06:31.068"
"104","372","99","7","2021-04-14 19:06:31.076"
"105","386","99","70","2021-04-14 19:06:31.076"
"106","391","101","41","2021-04-14 19:06:31.092"
"107","384","102","106","2021-04-14 19:06:31.092"
"108","402","104","44","2021-04-14 19:06:31.103"
"109","400","105","10","2021-04-14 19:06:31.103"
"110","403","101","29","2021-04-14 19:06:31.122"
"111","399","100","22","2021-04-14 19:06:31.122"
"112","397","98","12","2021-04-14 19:06:31.122"
"113","400","105","51","2021-04-14 19:06:31.131"
"114","422","100","47","2021-04-14 19:06:31.137"
"115","426","104","29","2021-04-14 19:06:31.145"
"116","400","105","132","2021-04-14 19:06:31.145"
"117","400","105","93","2021-04-14 19:06:31.162"
"118","449","99","35","2021-04-14 19:06:31.180"
"119","429","98","45","2021-04-14 19:06:31.180"
"120","442","98","18","2021-04-14 19:06:31.180"
"121","452","104","30","2021-04-14 19:06:31.183"
"122","400","105","25","2021-04-14 19:06:31.183"
"123","455","104","50","2021-04-14 19:06:31.186"
"124","400","105","291","2021-04-14 19:06:31.186"
"125","400","105","233","2021-04-14 19:06:31.191"
"126","454","99","151","2021-04-14 19:06:31.209"
"127","400","105","152","2021-04-14 19:06:31.219"
"128","400","105","53","2021-04-14 19:06:31.231"
"129","400","105","119","2021-04-14 19:06:31.238"
"130","485","103","24","2021-04-14 19:06:31.239"
"131","487","102","28","2021-04-14 19:06:31.239"
"132","491","104","51","2021-04-14 19:06:31.245"
"133","491","104","52","2021-04-14 19:06:31.247"
"134","508","102","30","2021-04-14 19:06:31.263"
"135","506","103","47","2021-04-14 19:06:31.263"
"136","491","104","14","2021-04-14 19:06:31.263"
"137","503","104","23","2021-04-14 19:06:31.263"
"138","400","105","135","2021-04-14 19:06:31.263"
"139","514","95","23","2021-04-14 19:06:31.297"
"140","516","95","31","2021-04-14 19:06:31.297"
"141","516","95","45","2021-04-14 19:06:31.310"
"142","527","95","22","2021-04-14 19:06:31.310"
"143","536","94","74","2021-04-14 19:06:31.310"
"144","537","94","37","2021-04-14 19:06:31.310"
"145","541","103","60","2021-04-14 19:06:31.318"
"146","540","95","41","2021-04-14 19:06:31.322"
"147","537","94","18","2021-04-14 19:06:31.322"
"148","557","102","25","2021-04-14 19:06:31.340"
"149","554","103","23","2021-04-14 19:06:31.340"
"150","534","104","41","2021-04-14 19:06:31.340"
"151","544","104","2","2021-04-14 19:06:31.340"
"152","559","96","36","2021-04-14 19:06:31.348"
"153","550","95","53","2021-04-14 19:06:31.348"
"154","409","105","25","2021-04-14 19:06:31.350"
"155","438","105","27","2021-04-14 19:06:31.350"
"156","526","105","4","2021-04-14 19:06:31.350"
"157","565","96","159","2021-04-14 19:06:31.358"
"158","565","96","296","2021-04-14 19:06:31.359"
"159","607","100","72","2021-04-14 19:06:31.434"
"160","617","103","39","2021-04-14 19:06:31.445"
"161","622","103","21","2021-04-14 19:06:31.445"
"162","616","104","24","2021-04-14 19:06:31.445"
"163","578","105","54","2021-04-14 19:06:31.445"
"164","585","105","41","2021-04-14 19:06:31.445"
"165","522","106","24","2021-04-14 19:06:31.445"
"166","613","106","22","2021-04-14 19:06:31.445"
"167","615","106","2","2021-04-14 19:06:31.445"
"168","636","103","26","2021-04-14 19:06:31.493"
"169","620","102","44","2021-04-14 19:06:31.493"
"170","621","102","32","2021-04-14 19:06:31.493"
"171","629","102","65","2021-04-14 19:06:31.493"
"172","630","102","21","2021-04-14 19:06:31.493"
"173","644","102","23","2021-04-14 19:06:31.493"
"174","646","102","672","2021-04-14 19:06:31.493"
"175","647","102","41","2021-04-14 19:06:31.493"
"176","607","100","121","2021-04-14 19:06:31.493"
"177","619","100","29","2021-04-14 19:06:31.493"
"178","657","107","35","2021-04-14 19:06:31.514"
"179","643","108","29","2021-04-14 19:06:31.514"
"180","643","108","34","2021-04-14 19:06:31.522"
"181","681","107","55","2021-04-14 19:06:31.555"
"182","681","107","11","2021-04-14 19:06:31.561"
"183","685","107","42","2021-04-14 19:06:31.561"
"184","678","106","14","2021-04-14 19:06:31.561"
"185","678","106","8","2021-04-14 19:06:31.562"
"186","686","106","43","2021-04-14 19:06:31.562"
"187","676","105","74","2021-04-14 19:06:31.562"
"188","675","104","32","2021-04-14 19:06:31.562"
"189","677","104","32","2021-04-14 19:06:31.562"
"190","673","103","47","2021-04-14 19:06:31.562"
"191","669","102","22","2021-04-14 19:06:31.562"
"192","651","101","14","2021-04-14 19:06:31.562"
"193","692","112","306","2021-04-14 19:06:31.569"
"194","697","112","33","2021-04-14 19:06:31.569"
"195","700","103","28","2021-04-14 19:06:31.574"
"196","695","102","23","2021-04-14 19:06:31.574"
"197","651","101","14","2021-04-14 19:06:31.574"
"198","671","101","28","2021-04-14 19:06:31.574"
"199","696","101","8","2021-04-14 19:06:31.574"
"200","696","101","18","2021-04-14 19:06:31.575"
"201","668","100","105","2021-04-14 19:06:31.575"
"202","702","104","110","2021-04-14 19:06:31.580"
"203","701","105","20","2021-04-14 19:06:31.580"
"204","709","105","25","2021-04-14 19:06:31.588"
"205","720","104","136","2021-04-14 19:06:31.603"
"206","718","103","71","2021-04-14 19:06:31.603"
"207","732","111","28","2021-04-14 19:06:31.624"
"208","716","112","85","2021-04-14 19:06:31.624"
"209","725","104","30","2021-04-14 19:06:31.640"
"210","738","104","66","2021-04-14 19:06:31.640"
"211","738","104","89","2021-04-14 19:06:31.642"
"212","718","103","29","2021-04-14 19:06:31.642"
"213","740","103","28","2021-04-14 19:06:31.642"
"214","715","102","37","2021-04-14 19:06:31.642"
"215","705","101","39","2021-04-14 19:06:31.642"
"216","747","102","80","2021-04-14 19:06:31.649"
"217","705","101","49","2021-04-14 19:06:31.649"
"218","754","100","34","2021-04-14 19:06:31.660"
"219","771","105","35","2021-04-14 19:06:31.684"
"220","769","104","24","2021-04-14 19:06:31.684"
"221","762","101","21","2021-04-14 19:06:31.684"
"222","749","109","29","2021-04-14 19:06:31.704"
"223","752","109","44","2021-04-14 19:06:31.704"
"224","791","108","24","2021-04-14 19:06:31.712"
"225","774","109","27","2021-04-14 19:06:31.712"
"226","807","108","69","2021-04-14 19:06:31.736"
"227","812","108","31","2021-04-14 19:06:31.767"
"228","821","108","41","2021-04-14 19:06:31.767"
"229","803","107","34","2021-04-14 19:06:31.784"
"230","822","107","16","2021-04-14 19:06:31.784"
"231","817","109","21","2021-04-14 19:06:31.785"
"232","806","110","22","2021-04-14 19:06:31.785"
"233","819","110","46","2021-04-14 19:06:31.785"
"234","820","110","27","2021-04-14 19:06:31.785"
"235","837","109","26","2021-04-14 19:06:31.788"
"236","833","110","23","2021-04-14 19:06:31.788"
"237","822","107","21","2021-04-14 19:06:31.795"
"238","826","107","41","2021-04-14 19:06:31.795"
"239","828","107","22","2021-04-14 19:06:31.795"
"240","843","106","25","2021-04-14 19:06:31.795"
"241","844","106","18","2021-04-14 19:06:31.795"
"242","844","106","10","2021-04-14 19:06:31.813"
"243","851","117","20","2021-04-14 19:06:31.814"
"244","852","117","38","2021-04-14 19:06:31.814"
"245","855","118","20","2021-04-14 19:06:31.814"
"246","860","113","21","2021-04-14 19:06:31.820"
"247","877","108","20","2021-04-14 19:06:31.840"
"248","871","107","64","2021-04-14 19:06:31.840"
"249","894","105","29","2021-04-14 19:06:31.863"
"250","891","110","53","2021-04-14 19:06:31.865"
"251","886","111","29","2021-04-14 19:06:31.866"
"252","881","112","22","2021-04-14 19:06:31.866"
"253","879","113","87","2021-04-14 19:06:31.866"
"254","879","113","110","2021-04-14 19:06:31.868"
"255","879","113","60","2021-04-14 19:06:31.869"
"256","879","113","60","2021-04-14 19:06:31.887"
"257","915","104","22","2021-04-14 19:06:31.890"
"258","926","113","24","2021-04-14 19:06:31.907"
"259","905","114","21","2021-04-14 19:06:31.907"
"260","919","114","25","2021-04-14 19:06:31.907"
"261","923","115","55","2021-04-14 19:06:31.907"
"262","938","115","57","2021-04-14 19:06:31.924"
"263","938","115","73","2021-04-14 19:06:31.925"
"264","947","111","77","2021-04-14 19:06:31.943"
"265","932","110","117","2021-04-14 19:06:31.943"
"266","942","113","27","2021-04-14 19:06:31.952"
"267","945","113","34","2021-04-14 19:06:31.952"
"268","951","113","32","2021-04-14 19:06:31.952"
"269","951","113","14","2021-04-14 19:06:31.956"
"270","941","114","36","2021-04-14 19:06:31.956"
"271","956","114","30","2021-04-14 19:06:31.956"
"272","957","114","45","2021-04-14 19:06:31.956"
"273","938","115","3","2021-04-14 19:06:31.956"
"274","962","114","26","2021-04-14 19:06:31.958"
"275","938","115","85","2021-04-14 19:06:31.958"
"276","959","111","21","2021-04-14 19:06:31.959"
"277","932","110","37","2021-04-14 19:06:31.959"
"278","960","110","168","2021-04-14 19:06:31.959"
"279","936","109","135","2021-04-14 19:06:31.959"
"280","937","109","43","2021-04-14 19:06:31.959"
"281","944","109","30","2021-04-14 19:06:31.959"
"282","967","115","57","2021-04-14 19:06:31.965"
"283","967","115","3","2021-04-14 19:06:31.980"
"284","975","114","79","2021-04-14 19:06:31.982"
"285","971","113","74","2021-04-14 19:06:31.982"
"286","977","113","22","2021-04-14 19:06:31.982"
"287","970","112","31","2021-04-14 19:06:31.982"
"288","974","112","22","2021-04-14 19:06:31.982"
"289","966","111","36","2021-04-14 19:06:31.982"
"290","965","110","263","2021-04-14 19:06:31.982"
"291","969","110","36","2021-04-14 19:06:31.982"
"292","982","116","29","2021-04-14 19:06:31.987"
"293","984","117","40","2021-04-14 19:06:31.987"
"294","993","111","57","2021-04-14 19:06:31.999"
"295","995","109","51","2021-04-14 19:06:32.019"
"296","1000","109","29","2021-04-14 19:06:32.019"
"297","1000","109","6","2021-04-14 19:06:32.021"
"298","1004","109","108","2021-04-14 19:06:32.022"
"299","1017","114","27","2021-04-14 19:06:32.034"
"300","1013","115","26","2021-04-14 19:06:32.034"
"301","1018","115","28","2021-04-14 19:06:32.034"
"302","1010","116","1","2021-04-14 19:06:32.034"
"303","1062","117","58","2021-04-14 19:06:32.104"
"304","1065","116","74","2021-04-14 19:06:32.108"
"305","1065","116","63","2021-04-14 19:06:32.114"
"306","1052","111","32","2021-04-14 19:06:32.118"
"307","1070","111","34","2021-04-14 19:06:32.118"
"308","1046","110","21","2021-04-14 19:06:32.118"
"309","1048","110","20","2021-04-14 19:06:32.118"
"310","1056","110","5","2021-04-14 19:06:32.118"
"311","1098","110","50","2021-04-14 19:06:32.171"
"312","1088","109","12","2021-04-14 19:06:32.171"
"313","1088","109","23","2021-04-14 19:06:32.172"
"314","1092","109","45","2021-04-14 19:06:32.172"
"315","1106","109","78","2021-04-14 19:06:32.180"
"316","1085","114","328","2021-04-14 19:06:32.185"
"317","1076","115","22","2021-04-14 19:06:32.185"
"318","1093","115","147","2021-04-14 19:06:32.185"
"319","1094","115","69","2021-04-14 19:06:32.185"
"320","1095","115","50","2021-04-14 19:06:32.185"
"321","1096","115","21","2021-04-14 19:06:32.185"
"322","1065","116","1185","2021-04-14 19:06:32.185"
"323","1062","117","119","2021-04-14 19:06:32.185"
"324","1063","118","40","2021-04-14 19:06:32.185"
"325","1116","116","53","2021-04-14 19:06:32.199"
"326","1121","117","54","2021-04-14 19:06:32.199"
"327","1128","115","66","2021-04-14 19:06:32.210"
"328","1127","110","33","2021-04-14 19:06:32.215"
"329","1120","109","47","2021-04-14 19:06:32.215"
"330","1020","108","8","2021-04-14 19:06:32.215"
"331","1020","108","62","2021-04-14 19:06:32.216"
"332","1124","108","29","2021-04-14 19:06:32.216"
"333","1125","108","25","2021-04-14 19:06:32.216"
"334","1128","115","625","2021-04-14 19:06:32.225"
"335","1137","116","26","2021-04-14 19:06:32.225"
"336","1145","117","51","2021-04-14 19:06:32.255"
"337","1163","116","94","2021-04-14 19:06:32.260"
"338","1145","117","56","2021-04-14 19:06:32.271"
"339","1152","118","69","2021-04-14 19:06:32.281"
"340","1152","118","10","2021-04-14 19:06:32.300"
"341","1153","118","88","2021-04-14 19:06:32.300"
"342","1184","114","21","2021-04-14 19:06:32.313"
"343","1175","113","33","2021-04-14 19:06:32.313"
"344","1197","114","32","2021-04-14 19:06:32.319"
"345","1175","113","41","2021-04-14 19:06:32.319"
"346","1175","113","59","2021-04-14 19:06:32.339"
"347","1213","118","20","2021-04-14 19:06:32.357"
"348","1196","119","220","2021-04-14 19:06:32.357"
"349","1200","119","50","2021-04-14 19:06:32.357"
"350","1209","120","76","2021-04-14 19:06:32.357"
"351","1224","123","27","2021-04-14 19:06:32.362"
"352","1253","113","55","2021-04-14 19:06:32.409"
"353","1256","113","23","2021-04-14 19:06:32.412"
"354","1247","114","22","2021-04-14 19:06:32.412"
"355","1251","115","16","2021-04-14 19:06:32.412"
"356","1270","113","20","2021-04-14 19:06:32.449"
"357","1210","112","30","2021-04-14 19:06:32.449"
"358","1289","120","52","2021-04-14 19:06:32.464"
"359","1309","111","23","2021-04-14 19:06:32.492"
"360","1307","110","29","2021-04-14 19:06:32.492"
"361","1333","109","33","2021-04-14 19:06:32.528"
"362","1326","118","41","2021-04-14 19:06:32.533"
"363","1289","120","145","2021-04-14 19:06:32.533"
"364","1289","120","112","2021-04-14 19:06:32.535"
"365","1341","110","54","2021-04-14 19:06:32.540"
"366","1337","109","3","2021-04-14 19:06:32.540"
"367","1337","109","30","2021-04-14 19:06:32.542"
"368","1335","108","37","2021-04-14 19:06:32.542"
"369","1349","119","122","2021-04-14 19:06:32.551"
"370","1289","120","88","2021-04-14 19:06:32.551"
"371","1344","121","43","2021-04-14 19:06:32.551"
"372","1364","117","46","2021-04-14 19:06:32.571"
"373","1360","116","8","2021-04-14 19:06:32.571"
"374","1366","120","75","2021-04-14 19:06:32.580"
"375","1389","116","51","2021-04-14 19:06:32.610"
"376","1384","115","25","2021-04-14 19:06:32.610"
"377","1348","114","25","2021-04-14 19:06:32.610"
"378","1358","114","650","2021-04-14 19:06:32.610"
"379","1401","117","85","2021-04-14 19:06:32.631"
"380","1401","117","133","2021-04-14 19:06:32.641"
"381","1394","118","14","2021-04-14 19:06:32.641"
"382","1394","118","43","2021-04-14 19:06:32.642"
"383","1403","118","25","2021-04-14 19:06:32.642"
"384","1398","119","23","2021-04-14 19:06:32.643"
"385","1367","120","25","2021-04-14 19:06:32.643"
"386","1383","121","29","2021-04-14 19:06:32.643"
"387","1413","123","108","2021-04-14 19:06:32.650"
"388","1406","115","26","2021-04-14 19:06:32.676"
"389","1424","114","61","2021-04-14 19:06:32.676"
"390","1443","117","65","2021-04-14 19:06:32.698"
"391","1447","116","32","2021-04-14 19:06:32.699"
"392","1445","115","18","2021-04-14 19:06:32.699"
"393","1470","115","37","2021-04-14 19:06:32.740"
"394","1466","116","24","2021-04-14 19:06:32.740"
"395","1457","117","25","2021-04-14 19:06:32.740"
"396","1439","118","82","2021-04-14 19:06:32.740"
"397","1440","118","121","2021-04-14 19:06:32.740"
"398","1474","111","64","2021-04-14 19:06:32.742"
"399","1476","117","57","2021-04-14 19:06:32.749"
"400","1440","118","275","2021-04-14 19:06:32.749"
"401","1474","111","5","2021-04-14 19:06:32.755"
"402","1494","111","49","2021-04-14 19:06:32.774"
"403","1484","110","169","2021-04-14 19:06:32.774"
"404","1500","112","25","2021-04-14 19:06:32.783"
"405","1510","116","65","2021-04-14 19:06:32.801"
"406","1515","116","37","2021-04-14 19:06:32.801"
"407","1509","115","22","2021-04-14 19:06:32.805"
"408","1514","115","24","2021-04-14 19:06:32.805"
"409","1511","114","32","2021-04-14 19:06:32.805"
"410","1512","114","31","2021-04-14 19:06:32.805"
"411","1513","114","8","2021-04-14 19:06:32.805"
"412","1515","116","163","2021-04-14 19:06:32.826"
"413","1518","116","33","2021-04-14 19:06:32.826"
"414","1524","116","25","2021-04-14 19:06:32.826"
"415","1488","117","46","2021-04-14 19:06:32.826"
"416","1523","117","23","2021-04-14 19:06:32.826"
"417","1464","118","33","2021-04-14 19:06:32.826"
"418","1498","118","8","2021-04-14 19:06:32.826"
"419","1546","118","111","2021-04-14 19:06:32.854"
"420","1432","119","22","2021-04-14 19:06:32.861"
"421","1482","119","48","2021-04-14 19:06:32.861"
"422","1542","119","111","2021-04-14 19:06:32.861"
"423","1550","118","33","2021-04-14 19:06:32.876"
"424","1551","118","73","2021-04-14 19:06:32.876"
"425","1556","118","22","2021-04-14 19:06:32.876"
"426","1557","118","109","2021-04-14 19:06:32.876"
"427","1559","118","71","2021-04-14 19:06:32.876"
"428","1538","117","43","2021-04-14 19:06:32.876"
"429","1560","117","30","2021-04-14 19:06:32.876"
"430","1534","116","44","2021-04-14 19:06:32.876"
"431","1549","116","160","2021-04-14 19:06:32.876"
"432","1533","114","34","2021-04-14 19:06:32.876"
"433","1554","119","21","2021-04-14 19:06:32.882"
"434","1565","120","39","2021-04-14 19:06:32.882"
"435","1568","122","32","2021-04-14 19:06:32.888"
"436","1573","124","192","2021-04-14 19:06:32.890"
"437","1585","123","77","2021-04-14 19:06:32.905"
"438","1580","122","74","2021-04-14 19:06:32.905"
"439","1580","122","10","2021-04-14 19:06:32.907"
"440","1582","121","26","2021-04-14 19:06:32.907"
"441","1583","121","21","2021-04-14 19:06:32.907"
"442","1609","123","52","2021-04-14 19:06:32.935"
"443","1605","124","32","2021-04-14 19:06:32.935"
"444","1625","120","50","2021-04-14 19:06:32.949"
"445","1620","119","42","2021-04-14 19:06:32.949"
"446","1602","118","44","2021-04-14 19:06:32.949"
"447","1633","120","103","2021-04-14 19:06:32.967"
"448","1650","121","36","2021-04-14 19:06:32.992"
"449","1633","120","166","2021-04-14 19:06:32.992"
"450","1651","120","31","2021-04-14 19:06:32.992"
"451","1632","119","51","2021-04-14 19:06:32.992"
"452","1638","119","25","2021-04-14 19:06:32.992"
"453","1641","119","31","2021-04-14 19:06:32.992"
"454","1646","119","39","2021-04-14 19:06:32.992"
"455","1602","118","6","2021-04-14 19:06:32.992"
"456","1622","118","41","2021-04-14 19:06:32.992"
"457","1613","117","68","2021-04-14 19:06:32.992"
"458","1630","117","29","2021-04-14 19:06:32.992"
"459","1631","117","58","2021-04-14 19:06:32.992"
"460","1667","120","54","2021-04-14 19:06:33.004"
"461","1663","119","9","2021-04-14 19:06:33.004"
"462","1663","119","32","2021-04-14 19:06:33.007"
"463","1668","119","27","2021-04-14 19:06:33.007"
"464","1661","118","92","2021-04-14 19:06:33.007"
"465","1665","118","23","2021-04-14 19:06:33.007"
"466","1648","125","76","2021-04-14 19:06:33.008"
"467","1664","125","34","2021-04-14 19:06:33.008"
"468","1649","126","48","2021-04-14 19:06:33.008"
"469","1658","126","48","2021-04-14 19:06:33.008"
"470","1679","118","68","2021-04-14 19:06:33.017"
"471","1647","127","20","2021-04-14 19:06:33.018"
"472","1691","128","27","2021-04-14 19:06:33.035"
"473","1687","127","25","2021-04-14 19:06:33.035"
"474","1692","127","158","2021-04-14 19:06:33.035"
"475","1692","127","74","2021-04-14 19:06:33.039"
"476","1684","126","25","2021-04-14 19:06:33.039"
"477","1685","125","25","2021-04-14 19:06:33.039"
"478","1697","126","46","2021-04-14 19:06:33.041"
"479","1685","125","74","2021-04-14 19:06:33.041"
"480","1708","128","232","2021-04-14 19:06:33.067"
"481","1707","127","54","2021-04-14 19:06:33.067"
"482","1710","127","24","2021-04-14 19:06:33.067"
"483","1713","127","42","2021-04-14 19:06:33.067"
"484","1686","133","257","2021-04-14 19:06:33.068"
"485","1720","131","21","2021-04-14 19:06:33.121"
"486","1719","132","23","2021-04-14 19:06:33.121"
"487","1733","128","56","2021-04-14 19:06:33.133"
"488","1713","127","6","2021-04-14 19:06:33.133"
"489","1714","127","21","2021-04-14 19:06:33.133"
"490","1723","126","22","2021-04-14 19:06:33.133"
"491","1741","134","63","2021-04-14 19:06:33.151"
"492","1737","133","10","2021-04-14 19:06:33.151"
"493","1750","136","26","2021-04-14 19:06:33.159"
"494","1738","138","33","2021-04-14 19:06:33.159"
"495","1738","138","15","2021-04-14 19:06:33.160"
"496","1749","138","35","2021-04-14 19:06:33.160"
"497","1752","134","125","2021-04-14 19:06:33.164"
"498","1737","133","14","2021-04-14 19:06:33.164"
"499","1744","133","121","2021-04-14 19:06:33.164"
"500","1739","132","13","2021-04-14 19:06:33.164"
"501","1765","135","80","2021-04-14 19:06:33.175"
"502","1765","135","87","2021-04-14 19:06:33.196"
"503","1759","134","23","2021-04-14 19:06:33.196"
"504","1774","134","44","2021-04-14 19:06:33.196"
"505","1757","133","21","2021-04-14 19:06:33.196"
"506","1762","133","31","2021-04-14 19:06:33.196"
"507","1764","133","33","2021-04-14 19:06:33.196"
"508","1739","132","53","2021-04-14 19:06:33.196"
"509","1740","132","28","2021-04-14 19:06:33.196"
"510","1758","132","23","2021-04-14 19:06:33.196"
"511","1807","133","70","2021-04-14 19:06:33.239"
"512","1807","133","170","2021-04-14 19:06:33.247"
"513","1798","132","23","2021-04-14 19:06:33.247"
"514","1809","132","35","2021-04-14 19:06:33.247"
"515","1800","134","54","2021-04-14 19:06:33.256"
"516","1795","135","102","2021-04-14 19:06:33.256"
"517","1802","135","33","2021-04-14 19:06:33.256"
"518","1806","135","26","2021-04-14 19:06:33.256"
"519","1776","136","35","2021-04-14 19:06:33.256"
"520","1778","136","121","2021-04-14 19:06:33.256"
"521","1786","136","25","2021-04-14 19:06:33.256"
"522","1772","137","36","2021-04-14 19:06:33.256"
"523","1771","138","54","2021-04-14 19:06:33.256"
"524","1761","139","36","2021-04-14 19:06:33.256"
"525","1852","136","28","2021-04-14 19:06:33.337"
"526","1860","136","33","2021-04-14 19:06:33.337"
"527","1866","136","34","2021-04-14 19:06:33.337"
"528","1870","136","23","2021-04-14 19:06:33.337"
"529","1872","136","3","2021-04-14 19:06:33.337"
"530","1859","137","71","2021-04-14 19:06:33.348"
"531","1862","137","51","2021-04-14 19:06:33.348"
"532","1878","137","13","2021-04-14 19:06:33.348"
"533","1838","138","52","2021-04-14 19:06:33.358"
"534","1883","137","23","2021-04-14 19:06:33.364"
"535","1872","136","54","2021-04-14 19:06:33.364"
"536","1875","136","22","2021-04-14 19:06:33.364"
"537","1838","138","21","2021-04-14 19:06:33.365"
"538","1848","138","24","2021-04-14 19:06:33.365"
"539","1851","138","13","2021-04-14 19:06:33.365"
"540","1875","136","71","2021-04-14 19:06:33.374"
"541","1847","135","25","2021-04-14 19:06:33.378"
"542","1853","135","37","2021-04-14 19:06:33.378"
"543","1891","135","45","2021-04-14 19:06:33.378"
"544","1905","138","48","2021-04-14 19:06:33.392"
"545","1901","142","60","2021-04-14 19:06:33.396"
"546","1910","143","34","2021-04-14 19:06:33.423"
"547","1924","144","69","2021-04-14 19:06:33.423"
"548","1927","146","21","2021-04-14 19:06:33.426"
"549","1930","146","82","2021-04-14 19:06:33.435"
"550","1954","141","38","2021-04-14 19:06:33.467"
"551","1942","140","21","2021-04-14 19:06:33.467"
"552","1956","141","23","2021-04-14 19:06:33.470"
"553","1942","140","92","2021-04-14 19:06:33.470"
"554","1907","139","21","2021-04-14 19:06:33.470"
"555","1944","139","23","2021-04-14 19:06:33.470"
"556","1947","139","7","2021-04-14 19:06:33.470"
"557","1976","143","43","2021-04-14 19:06:33.505"
"558","1973","142","13","2021-04-14 19:06:33.505"
"559","1982","143","33","2021-04-14 19:06:33.538"
"560","1985","143","90","2021-04-14 19:06:33.538"
"561","1997","142","25","2021-04-14 19:06:33.541"
"562","1962","141","32","2021-04-14 19:06:33.541"
"563","1991","141","25","2021-04-14 19:06:33.541"
"564","1961","140","27","2021-04-14 19:06:33.541"
"565","1972","140","103","2021-04-14 19:06:33.541"
"566","2023","140","42","2021-04-14 19:06:33.583"
"567","2014","141","31","2021-04-14 19:06:33.583"
"568","2002","142","75","2021-04-14 19:06:33.583"
"569","2017","142","28","2021-04-14 19:06:33.583"
"570","2020","142","20","2021-04-14 19:06:33.583"
"571","2022","142","21","2021-04-14 19:06:33.583"
"572","1985","143","9","2021-04-14 19:06:33.583"
"573","2011","143","8","2021-04-14 19:06:33.583"
"574","2012","133","23","2021-04-14 19:06:33.600"
"575","2030","132","49","2021-04-14 19:06:33.600"
"576","2031","132","50","2021-04-14 19:06:33.600"
"577","1983","144","38","2021-04-14 19:06:33.623"
"578","2001","144","15","2021-04-14 19:06:33.623"
"579","2001","144","37","2021-04-14 19:06:33.624"
"580","2041","145","14","2021-04-14 19:06:33.624"
"581","2041","145","62","2021-04-14 19:06:33.628"
"582","2045","143","20","2021-04-14 19:06:33.630"
"583","2044","142","50","2021-04-14 19:06:33.630"
"584","2044","142","2","2021-04-14 19:06:33.634"
"585","2041","145","107","2021-04-14 19:06:33.650"
"586","2048","145","14","2021-04-14 19:06:33.650"
"587","2064","143","357","2021-04-14 19:06:33.651"
"588","2048","145","156","2021-04-14 19:06:33.656"
"589","2077","138","40","2021-04-14 19:06:33.667"
"590","2078","137","31","2021-04-14 19:06:33.667"
"591","2086","138","24","2021-04-14 19:06:33.676"
"592","2082","137","30","2021-04-14 19:06:33.676"
"593","2100","138","61","2021-04-14 19:06:33.703"
"594","2100","138","6","2021-04-14 19:06:33.708"
"595","2082","137","2","2021-04-14 19:06:33.708"
"596","2085","136","25","2021-04-14 19:06:33.708"
"597","2106","138","86","2021-04-14 19:06:33.711"
"598","2116","133","21","2021-04-14 19:06:33.729"
"599","2118","132","38","2021-04-14 19:06:33.730"
"600","2119","132","34","2021-04-14 19:06:33.730"
"601","2122","133","63","2021-04-14 19:06:33.760"
"602","2119","132","5","2021-04-14 19:06:33.770"
"603","2133","132","94","2021-04-14 19:06:33.770"
"604","2139","132","85","2021-04-14 19:06:33.770"
"605","2154","127","34","2021-04-14 19:06:33.791"
"606","2155","127","21","2021-04-14 19:06:33.791"
"607","2156","127","24","2021-04-14 19:06:33.791"
"608","2174","131","37","2021-04-14 19:06:33.817"
"609","2168","132","42","2021-04-14 19:06:33.817"
"610","2172","132","13","2021-04-14 19:06:33.817"
"611","2170","123","28","2021-04-14 19:06:33.827"
"612","2196","132","99","2021-04-14 19:06:33.883"
"613","2196","132","58","2021-04-14 19:06:33.895"
"614","2196","132","16","2021-04-14 19:06:33.897"
"615","2198","132","43","2021-04-14 19:06:33.897"
"616","2252","129","28","2021-04-14 19:06:33.974"
"617","2254","129","26","2021-04-14 19:06:33.974"
"618","2274","130","28","2021-04-14 19:06:34.008"
"619","2246","131","100","2021-04-14 19:06:34.008"
"620","2276","130","21","2021-04-14 19:06:34.014"
"621","2246","131","136","2021-04-14 19:06:34.014"
"622","2251","128","34","2021-04-14 19:06:34.015"
"623","2258","128","42","2021-04-14 19:06:34.015"
"624","2262","128","18","2021-04-14 19:06:34.015"
"625","2284","130","23","2021-04-14 19:06:34.030"
"626","2246","131","41","2021-04-14 19:06:34.030"
"627","2280","129","28","2021-04-14 19:06:34.031"
"628","2262","128","30","2021-04-14 19:06:34.031"
"629","2263","128","11","2021-04-14 19:06:34.031"
"630","2263","128","68","2021-04-14 19:06:34.032"
"631","2286","128","85","2021-04-14 19:06:34.037"
"632","2237","127","25","2021-04-14 19:06:34.037"
"633","2216","126","2","2021-04-14 19:06:34.037"
"634","2216","126","65","2021-04-14 19:06:34.046"
"635","2299","129","46","2021-04-14 19:06:34.051"
"636","2290","130","5","2021-04-14 19:06:34.051"
"637","2300","128","57","2021-04-14 19:06:34.056"
"638","2290","130","36","2021-04-14 19:06:34.063"
"639","2246","131","34","2021-04-14 19:06:34.063"
"640","2246","131","233","2021-04-14 19:06:34.087"
"641","2312","130","62","2021-04-14 19:06:34.091"
"642","2246","131","110","2021-04-14 19:06:34.097"
"643","2246","131","224","2021-04-14 19:06:34.103"
"644","2270","131","74","2021-04-14 19:06:34.103"
"645","2271","131","21","2021-04-14 19:06:34.103"
"646","2272","131","21","2021-04-14 19:06:34.103"
"647","2306","131","32","2021-04-14 19:06:34.103"
"648","2318","131","56","2021-04-14 19:06:34.103"
"649","2329","131","21","2021-04-14 19:06:34.103"
"650","2330","131","71","2021-04-14 19:06:34.103"
"651","2229","132","99","2021-04-14 19:06:34.103"
"652","2315","132","224","2021-04-14 19:06:34.103"
"653","2319","132","27","2021-04-14 19:06:34.103"
"654","2326","132","26","2021-04-14 19:06:34.103"
"655","2165","134","20","2021-04-14 19:06:34.103"
"656","2106","138","372","2021-04-14 19:06:34.103"
"657","2089","141","22","2021-04-14 19:06:34.103"
"658","2341","136","84","2021-04-14 19:06:34.127"
"659","2359","130","56","2021-04-14 19:06:34.163"
"660","2304","129","24","2021-04-14 19:06:34.164"
"661","2357","129","21","2021-04-14 19:06:34.164"
"662","2363","129","21","2021-04-14 19:06:34.164"
"663","2343","128","56","2021-04-14 19:06:34.164"
"664","2351","128","25","2021-04-14 19:06:34.164"
"665","2366","128","44","2021-04-14 19:06:34.164"
"666","2367","128","121","2021-04-14 19:06:34.164"
"667","2298","127","36","2021-04-14 19:06:34.164"
"668","2221","126","26","2021-04-14 19:06:34.164"
"669","2359","130","75","2021-04-14 19:06:34.179"
"670","2362","130","20","2021-04-14 19:06:34.199"
"671","2364","131","103","2021-04-14 19:06:34.199"
"672","2365","131","10","2021-04-14 19:06:34.199"
"673","2365","131","95","2021-04-14 19:06:34.200"
"674","2365","131","103","2021-04-14 19:06:34.201"
"675","2403","128","40","2021-04-14 19:06:34.216"
"676","2404","127","26","2021-04-14 19:06:34.216"
"677","2400","129","99","2021-04-14 19:06:34.218"
"678","2409","125","68","2021-04-14 19:06:34.221"
"679","2400","129","75","2021-04-14 19:06:34.225"
"680","2417","128","27","2021-04-14 19:06:34.262"
"681","2427","129","68","2021-04-14 19:06:34.263"
"682","2432","129","194","2021-04-14 19:06:34.263"
"683","2396","130","83","2021-04-14 19:06:34.263"
"684","2439","129","54","2021-04-14 19:06:34.278"
"685","2396","130","83","2021-04-14 19:06:34.278"
"686","2407","130","21","2021-04-14 19:06:34.278"
"687","2414","130","34","2021-04-14 19:06:34.278"
"688","2441","130","8","2021-04-14 19:06:34.278"
"689","2428","123","91","2021-04-14 19:06:34.279"
"690","2429","123","4","2021-04-14 19:06:34.279"
"691","2450","130","41","2021-04-14 19:06:34.298"
"692","2373","131","51","2021-04-14 19:06:34.298"
"693","2377","131","37","2021-04-14 19:06:34.298"
"694","2388","131","156","2021-04-14 19:06:34.298"
"695","2398","131","26","2021-04-14 19:06:34.298"
"696","2453","131","118","2021-04-14 19:06:34.298"
"697","2429","123","154","2021-04-14 19:06:34.319"
"698","2480","129","89","2021-04-14 19:06:34.331"
"699","2483","133","28","2021-04-14 19:06:34.343"
"700","2494","126","95","2021-04-14 19:06:34.358"
"701","2497","134","124","2021-04-14 19:06:34.364"
"702","2504","134","74","2021-04-14 19:06:34.393"
"703","2505","135","325","2021-04-14 19:06:34.393"
"704","2511","135","112","2021-04-14 19:06:34.393"
"705","2514","135","32","2021-04-14 19:06:34.393"
"706","2518","135","643","2021-04-14 19:06:34.393"
"707","2537","128","44","2021-04-14 19:06:34.434"
"708","2533","129","14","2021-04-14 19:06:34.434"
"709","2543","128","48","2021-04-14 19:06:34.448"
"710","2533","129","13","2021-04-14 19:06:34.448"
"711","2538","129","28","2021-04-14 19:06:34.448"
"712","2550","128","39","2021-04-14 19:06:34.451"
"713","2538","129","9","2021-04-14 19:06:34.451"
"714","2541","129","45","2021-04-14 19:06:34.451"
"715","2549","130","20","2021-04-14 19:06:34.451"
"716","2523","133","43","2021-04-14 19:06:34.451"
"717","2521","134","67","2021-04-14 19:06:34.451"
"718","2518","135","70","2021-04-14 19:06:34.451"
"719","2556","127","23","2021-04-14 19:06:34.460"
"720","2555","128","41","2021-04-14 19:06:34.460"
"721","2554","126","30","2021-04-14 19:06:34.462"
"722","2503","125","29","2021-04-14 19:06:34.462"
"723","2478","124","9","2021-04-14 19:06:34.462"
"724","2574","125","52","2021-04-14 19:06:34.490"
"725","2575","126","138","2021-04-14 19:06:34.503"
"726","2576","125","24","2021-04-14 19:06:34.536"
"727","2581","125","75","2021-04-14 19:06:34.536"
"728","2593","125","67","2021-04-14 19:06:34.536"
"729","2594","125","22","2021-04-14 19:06:34.549"
"730","2597","125","156","2021-04-14 19:06:34.549"
"731","2578","126","113","2021-04-14 19:06:34.550"
"732","2597","125","89","2021-04-14 19:06:34.551"
"733","2602","125","52","2021-04-14 19:06:34.551"
"734","2603","125","47","2021-04-14 19:06:34.551"
"735","2607","125","23","2021-04-14 19:06:34.551"
"736","2589","124","20","2021-04-14 19:06:34.552"
"737","2590","124","67","2021-04-14 19:06:34.552"
"738","2596","124","32","2021-04-14 19:06:34.552"
"739","2611","124","63","2021-04-14 19:06:34.552"
"740","2611","124","61","2021-04-14 19:06:34.553"
"741","2620","124","20","2021-04-14 19:06:34.569"
"742","2621","124","36","2021-04-14 19:06:34.569"
"743","2621","124","9","2021-04-14 19:06:34.582"
"744","2628","124","47","2021-04-14 19:06:34.582"
"745","2616","125","23","2021-04-14 19:06:34.582"
"746","2570","123","36","2021-04-14 19:06:34.597"
"747","2632","123","32","2021-04-14 19:06:34.597"
"748","2633","123","51","2021-04-14 19:06:34.597"
"749","2644","119","28","2021-04-14 19:06:34.600"
"750","2651","122","49","2021-04-14 19:06:34.612"
"751","2631","125","20","2021-04-14 19:06:34.621"
"752","2638","125","25","2021-04-14 19:06:34.621"
"753","2641","125","22","2021-04-14 19:06:34.621"
"754","2641","125","8","2021-04-14 19:06:34.631"
"755","2648","125","97","2021-04-14 19:06:34.631"
"756","2587","126","33","2021-04-14 19:06:34.631"
"757","2692","121","55","2021-04-14 19:06:34.687"
"758","2692","121","78","2021-04-14 19:06:34.692"
"759","2691","119","21","2021-04-14 19:06:34.694"
"760","2657","118","24","2021-04-14 19:06:34.694"
"761","2693","118","10","2021-04-14 19:06:34.694"
"762","2701","119","55","2021-04-14 19:06:34.698"
"763","2701","119","27","2021-04-14 19:06:34.717"
"764","2704","119","25","2021-04-14 19:06:34.717"
"765","2704","119","119","2021-04-14 19:06:34.721"
"766","2704","119","63","2021-04-14 19:06:34.733"
"767","2718","118","25","2021-04-14 19:06:34.741"
"768","2721","118","32","2021-04-14 19:06:34.741"
"769","2722","118","49","2021-04-14 19:06:34.741"
"770","2654","117","28","2021-04-14 19:06:34.741"
"771","2702","117","28","2021-04-14 19:06:34.741"
"772","2656","116","220","2021-04-14 19:06:34.741"
"773","2704","119","88","2021-04-14 19:06:34.742"
"774","2733","117","208","2021-04-14 19:06:34.755"
"775","2731","116","176","2021-04-14 19:06:34.755"
"776","2745","115","128","2021-04-14 19:06:34.815"
"777","2745","115","85","2021-04-14 19:06:34.858"
"778","2769","115","20","2021-04-14 19:06:34.858"
"779","2769","115","7","2021-04-14 19:06:34.869"
"780","2801","112","181","2021-04-14 19:06:34.899"
"781","2791","116","32","2021-04-14 19:06:34.904"
"782","2793","116","27","2021-04-14 19:06:34.904"
"783","2800","116","48","2021-04-14 19:06:34.904"
"784","2753","117","4","2021-04-14 19:06:34.904"
"785","2753","117","95","2021-04-14 19:06:34.906"
"786","2764","117","32","2021-04-14 19:06:34.906"
"787","2764","117","60","2021-04-14 19:06:34.907"
"788","2768","117","33","2021-04-14 19:06:34.907"
"789","2768","117","17","2021-04-14 19:06:34.958"
"790","2777","117","35","2021-04-14 19:06:34.958"
"791","2826","116","22","2021-04-14 19:06:34.965"
"792","2831","116","94","2021-04-14 19:06:34.965"
"793","2840","116","2","2021-04-14 19:06:34.965"
"794","2777","117","72","2021-04-14 19:06:34.988"
"795","2824","115","26","2021-04-14 19:06:34.995"
"796","2832","115","48","2021-04-14 19:06:34.995"
"797","2832","115","185","2021-04-14 19:06:35.029"
"798","2855","115","37","2021-04-14 19:06:35.029"
"799","2863","115","21","2021-04-14 19:06:35.029"
"800","2870","115","33","2021-04-14 19:06:35.029"
"801","2873","115","43","2021-04-14 19:06:35.029"
"802","2890","112","21","2021-04-14 19:06:35.054"
"803","2888","113","49","2021-04-14 19:06:35.054"
"804","2904","112","92","2021-04-14 19:06:35.083"
"805","2901","113","39","2021-04-14 19:06:35.084"
"806","2883","114","29","2021-04-14 19:06:35.100"
"807","2895","114","28","2021-04-14 19:06:35.100"
"808","2909","109","116","2021-04-14 19:06:35.124"
"809","2926","114","30","2021-04-14 19:06:35.143"
"810","2880","115","673","2021-04-14 19:06:35.143"
"811","2885","115","192","2021-04-14 19:06:35.143"
"812","2911","115","33","2021-04-14 19:06:35.143"
"813","2865","116","35","2021-04-14 19:06:35.143"
"814","2949","115","29","2021-04-14 19:06:35.188"
"815","2945","114","27","2021-04-14 19:06:35.188"
"816","2951","114","12","2021-04-14 19:06:35.188"
"817","2952","116","22","2021-04-14 19:06:35.200"
"818","2828","117","58","2021-04-14 19:06:35.200"
"819","2853","117","33","2021-04-14 19:06:35.200"
"820","2878","117","36","2021-04-14 19:06:35.200"
"821","2879","117","26","2021-04-14 19:06:35.200"
"822","2931","117","23","2021-04-14 19:06:35.200"
"823","2954","117","59","2021-04-14 19:06:35.200"
"824","2958","117","38","2021-04-14 19:06:35.200"
"825","2754","118","22","2021-04-14 19:06:35.200"
"826","2780","118","41","2021-04-14 19:06:35.200"
"827","2784","118","28","2021-04-14 19:06:35.200"
"828","2827","118","978","2021-04-14 19:06:35.200"
"829","2827","118","106","2021-04-14 19:06:35.201"
"830","2966","117","24","2021-04-14 19:06:35.215"
"831","2827","118","45","2021-04-14 19:06:35.215"
"832","2827","118","224","2021-04-14 19:06:35.225"
"833","2842","118","68","2021-04-14 19:06:35.240"
"834","2948","118","20","2021-04-14 19:06:35.240"
"835","2950","118","68","2021-04-14 19:06:35.240"
"836","2973","118","128","2021-04-14 19:06:35.240"
"837","2981","118","107","2021-04-14 19:06:35.240"
"838","2972","117","40","2021-04-14 19:06:35.245"
"839","2979","117","21","2021-04-14 19:06:35.245"
"840","2963","116","12","2021-04-14 19:06:35.245"
"841","2981","118","155","2021-04-14 19:06:35.256"
"842","2719","119","289","2021-04-14 19:06:35.286"
"843","2742","119","33","2021-04-14 19:06:35.286"
"844","2962","119","24","2021-04-14 19:06:35.286"
"845","2970","119","31","2021-04-14 19:06:35.286"
"846","2991","119","230","2021-04-14 19:06:35.286"
"847","2991","119","56","2021-04-14 19:06:35.291"
"848","3010","115","28","2021-04-14 19:06:35.299"
"849","2951","114","29","2021-04-14 19:06:35.299"
"850","2989","114","23","2021-04-14 19:06:35.299"
"851","2994","114","22","2021-04-14 19:06:35.299"
"852","2996","114","53","2021-04-14 19:06:35.299"
"853","3000","114","22","2021-04-14 19:06:35.299"
"854","2940","113","55","2021-04-14 19:06:35.299"
"855","2955","113","32","2021-04-14 19:06:35.299"
"856","3005","113","24","2021-04-14 19:06:35.299"
"857","2934","112","63","2021-04-14 19:06:35.299"
"858","2941","112","14","2021-04-14 19:06:35.299"
"859","2941","112","6","2021-04-14 19:06:35.303"
"860","2937","111","25","2021-04-14 19:06:35.303"
"861","2933","110","21","2021-04-14 19:06:35.303"
"862","2923","109","28","2021-04-14 19:06:35.303"
"863","2918","108","30","2021-04-14 19:06:35.303"
"864","3009","118","65","2021-04-14 19:06:35.317"
"865","3016","118","22","2021-04-14 19:06:35.317"
"866","3017","118","56","2021-04-14 19:06:35.317"
"867","2991","119","692","2021-04-14 19:06:35.317"
"868","3020","119","22","2021-04-14 19:06:35.317"
"869","2995","120","35","2021-04-14 19:06:35.317"
"870","3002","120","32","2021-04-14 19:06:35.317"
"871","3026","111","42","2021-04-14 19:06:35.320"
"872","3022","110","9","2021-04-14 19:06:35.320"
"873","3022","110","11","2021-04-14 19:06:35.335"
"874","3021","109","140","2021-04-14 19:06:35.335"
"875","3029","109","96","2021-04-14 19:06:35.335"
"876","3038","111","52","2021-04-14 19:06:35.344"
"877","3044","112","33","2021-04-14 19:06:35.350"
"878","3056","116","21","2021-04-14 19:06:35.370"
"879","3059","116","29","2021-04-14 19:06:35.370"
"880","3054","115","24","2021-04-14 19:06:35.370"
"881","3057","115","28","2021-04-14 19:06:35.370"
"882","3052","113","24","2021-04-14 19:06:35.370"
"883","3068","116","48","2021-04-14 19:06:35.383"
"884","3063","115","29","2021-04-14 19:06:35.383"
"885","3062","118","51","2021-04-14 19:06:35.392"
"886","3087","117","28","2021-04-14 19:06:35.415"
"887","3091","117","27","2021-04-14 19:06:35.415"
"888","3080","116","30","2021-04-14 19:06:35.415"
"889","3086","115","27","2021-04-14 19:06:35.415"
"890","3072","118","24","2021-04-14 19:06:35.417"
"891","3076","118","101","2021-04-14 19:06:35.417"
"892","3097","108","131","2021-04-14 19:06:35.421"
"893","3097","108","63","2021-04-14 19:06:35.424"
"894","3096","118","35","2021-04-14 19:06:35.425"
"895","3097","108","145","2021-04-14 19:06:35.431"
"896","3097","108","53","2021-04-14 19:06:35.433"
"897","3097","108","184","2021-04-14 19:06:35.434"
"898","3097","108","201","2021-04-14 19:06:35.452"
"899","3111","107","28","2021-04-14 19:06:35.452"
"900","3128","119","32","2021-04-14 19:06:35.469"
"901","3131","120","25","2021-04-14 19:06:35.469"
"902","3138","111","53","2021-04-14 19:06:35.481"
"903","3143","110","62","2021-04-14 19:06:35.484"
"904","3141","109","33","2021-04-14 19:06:35.484"
"905","3129","108","157","2021-04-14 19:06:35.484"
"906","3152","109","26","2021-04-14 19:06:35.500"
"907","3150","110","36","2021-04-14 19:06:35.500"
"908","3163","108","37","2021-04-14 19:06:35.520"
"909","3154","109","24","2021-04-14 19:06:35.520"
"910","3158","109","28","2021-04-14 19:06:35.520"
"911","3159","109","5","2021-04-14 19:06:35.520"
"912","3165","108","38","2021-04-14 19:06:35.527"
"913","3159","109","71","2021-04-14 19:06:35.527"
"914","3167","109","22","2021-04-14 19:06:35.527"
"915","3168","109","57","2021-04-14 19:06:35.527"
"916","3174","108","163","2021-04-14 19:06:35.547"
"917","3137","107","53","2021-04-14 19:06:35.558"
"918","3137","107","5","2021-04-14 19:06:35.591"
"919","3151","107","51","2021-04-14 19:06:35.591"
"920","3151","107","17","2021-04-14 19:06:35.607"
"921","3177","107","81","2021-04-14 19:06:35.607"
"922","3203","107","9","2021-04-14 19:06:35.607"
"923","3203","107","19","2021-04-14 19:06:35.624"
"924","3211","107","24","2021-04-14 19:06:35.624"
"925","3191","106","46","2021-04-14 19:06:35.624"
"926","3202","106","25","2021-04-14 19:06:35.624"
"927","3204","106","39","2021-04-14 19:06:35.674"
"928","3224","106","32","2021-04-14 19:06:35.674"
"929","3220","105","61","2021-04-14 19:06:35.674"
"930","3237","107","26","2021-04-14 19:06:35.683"
"931","3187","108","192","2021-04-14 19:06:35.683"
"932","3212","109","50","2021-04-14 19:06:35.683"
"933","3236","109","102","2021-04-14 19:06:35.683"
"934","3247","114","27","2021-04-14 19:06:35.689"
"935","3262","108","25","2021-04-14 19:06:35.713"
"936","3258","107","27","2021-04-14 19:06:35.713"
"937","3256","106","21","2021-04-14 19:06:35.713"
"938","3260","106","25","2021-04-14 19:06:35.713"
"939","3220","105","33","2021-04-14 19:06:35.713"
"940","3239","105","26","2021-04-14 19:06:35.713"
"941","3244","105","27","2021-04-14 19:06:35.713"
"942","3257","105","97","2021-04-14 19:06:35.713"
"943","3270","108","21","2021-04-14 19:06:35.722"
"944","3267","109","35","2021-04-14 19:06:35.722"
"945","3268","110","46","2021-04-14 19:06:35.722"
"946","3268","110","65","2021-04-14 19:06:35.730"
"947","3268","110","75","2021-04-14 19:06:35.731"
"948","3296","110","866","2021-04-14 19:06:35.767"
"949","3276","104","48","2021-04-14 19:06:35.772"
"950","3275","103","33","2021-04-14 19:06:35.772"
"951","3273","101","22","2021-04-14 19:06:35.772"
"952","3296","110","163","2021-04-14 19:06:35.775"
"953","3308","109","109","2021-04-14 19:06:35.780"
"954","3316","108","36","2021-04-14 19:06:35.795"
"955","3308","109","48","2021-04-14 19:06:35.795"
"956","3313","99","33","2021-04-14 19:06:35.808"
"957","3314","99","31","2021-04-14 19:06:35.808"
"958","3321","108","28","2021-04-14 19:06:35.810"
"959","3317","109","81","2021-04-14 19:06:35.810"
"960","3323","109","41","2021-04-14 19:06:35.810"
"961","3324","109","81","2021-04-14 19:06:35.810"
"962","3296","110","56","2021-04-14 19:06:35.810"
"963","3332","108","63","2021-04-14 19:06:35.821"
"964","3340","101","73","2021-04-14 19:06:35.832"
"965","3336","100","76","2021-04-14 19:06:35.832"
"966","3314","99","65","2021-04-14 19:06:35.832"
"967","3337","99","76","2021-04-14 19:06:35.832"
"968","3349","104","26","2021-04-14 19:06:35.870"
"969","3346","105","56","2021-04-14 19:06:35.870"
"970","3358","95","26","2021-04-14 19:06:35.873"
"971","3360","94","27","2021-04-14 19:06:35.873"
"972","3361","94","21","2021-04-14 19:06:35.873"
"973","3365","94","7","2021-04-14 19:06:35.873"
"974","3375","98","69","2021-04-14 19:06:35.898"
"975","3373","97","2","2021-04-14 19:06:35.898"
"976","3381","105","64","2021-04-14 19:06:35.904"
"977","3347","106","26","2021-04-14 19:06:35.904"
"978","3345","107","23","2021-04-14 19:06:35.904"
"979","3332","108","5","2021-04-14 19:06:35.904"
"980","3385","97","65","2021-04-14 19:06:35.913"
"981","3388","98","50","2021-04-14 19:06:36.007"
"982","3388","98","95","2021-04-14 19:06:36.027"
"983","3406","99","52","2021-04-14 19:06:36.035"
"984","3406","99","6","2021-04-14 19:06:36.037"
"985","3414","99","58","2021-04-14 19:06:36.037"
"986","3414","99","45","2021-04-14 19:06:36.045"
"987","3417","99","11","2021-04-14 19:06:36.045"
"988","3417","99","59","2021-04-14 19:06:36.049"
"989","3424","99","22","2021-04-14 19:06:36.049"
"990","3430","99","29","2021-04-14 19:06:36.049"
"991","3439","99","97","2021-04-14 19:06:36.061"
"992","3388","98","132","2021-04-14 19:06:36.082"
"993","3388","98","56","2021-04-14 19:06:36.083"
"994","3388","98","62","2021-04-14 19:06:36.085"
"995","3427","100","21","2021-04-14 19:06:36.131"
"996","3432","100","28","2021-04-14 19:06:36.131"
"997","3442","100","69","2021-04-14 19:06:36.131"
"998","3455","100","108","2021-04-14 19:06:36.131"
"999","3477","101","22","2021-04-14 19:06:36.131"
"1000","3433","98","34","2021-04-14 19:06:36.135"
"1001","3450","98","18","2021-04-14 19:06:36.135"
"1002","3493","99","26","2021-04-14 19:06:36.166"
"1003","3496","99","166","2021-04-14 19:06:36.166"
"1004","3496","99","117","2021-04-14 19:06:36.194"
"1005","3521","101","25","2021-04-14 19:06:36.200"
"1006","3518","100","20","2021-04-14 19:06:36.200"
"1007","3496","99","133","2021-04-14 19:06:36.200"
"1008","3528","109","29","2021-04-14 19:06:36.218"
"1009","3539","100","47","2021-04-14 19:06:36.228"
"1010","3538","99","21","2021-04-14 19:06:36.228"
"1011","3452","98","53","2021-04-14 19:06:36.228"
"1012","3485","98","83","2021-04-14 19:06:36.228"
"1013","3486","98","120","2021-04-14 19:06:36.228"
"1014","3549","102","25","2021-04-14 19:06:36.240"
"1015","3552","99","172","2021-04-14 19:06:36.257"
"1016","3565","99","80","2021-04-14 19:06:36.279"
"1017","3580","99","34","2021-04-14 19:06:36.315"
"1018","3583","99","32","2021-04-14 19:06:36.315"
"1019","3486","98","151","2021-04-14 19:06:36.324"
"1020","3486","98","324","2021-04-14 19:06:36.327"
"1021","3486","98","52","2021-04-14 19:06:36.329"
"1022","3507","98","55","2021-04-14 19:06:36.356"
"1023","3604","99","112","2021-04-14 19:06:36.371"
"1024","3608","99","33","2021-04-14 19:06:36.371"
"1025","3615","99","36","2021-04-14 19:06:36.371"
"1026","3620","99","44","2021-04-14 19:06:36.384"
"1027","3621","100","24","2021-04-14 19:06:36.384"
"1028","3507","98","184","2021-04-14 19:06:36.392"
"1029","3517","98","71","2021-04-14 19:06:36.392"
"1030","3523","98","33","2021-04-14 19:06:36.392"
"1031","3568","98","21","2021-04-14 19:06:36.392"
"1032","3594","98","22","2021-04-14 19:06:36.392"
"1033","3601","98","32","2021-04-14 19:06:36.392"
"1034","3469","97","107","2021-04-14 19:06:36.392"
"1035","3634","101","66","2021-04-14 19:06:36.402"
"1036","3637","99","24","2021-04-14 19:06:36.404"
"1037","3635","98","58","2021-04-14 19:06:36.404"
"1038","3633","102","71","2021-04-14 19:06:36.435"
"1039","3652","98","35","2021-04-14 19:06:36.439"
"1040","3469","97","19","2021-04-14 19:06:36.439"
"1041","3658","105","92","2021-04-14 19:06:36.442"
"1042","3655","106","3","2021-04-14 19:06:36.442"
"1043","3655","106","61","2021-04-14 19:06:36.443"
"1044","3665","105","32","2021-04-14 19:06:36.456"
"1045","3655","106","118","2021-04-14 19:06:36.456"
"1046","3667","106","27","2021-04-14 19:06:36.456"
"1047","3667","106","4","2021-04-14 19:06:36.461"
"1048","3687","102","79","2021-04-14 19:06:36.493"
"1049","3689","102","22","2021-04-14 19:06:36.493"
"1050","3701","100","28","2021-04-14 19:06:36.529"
"1051","3704","99","174","2021-04-14 19:06:36.529"
"1052","3704","99","760","2021-04-14 19:06:36.534"
"1053","3689","102","23","2021-04-14 19:06:36.538"
"1054","3691","102","31","2021-04-14 19:06:36.538"
"1055","3691","102","1","2021-04-14 19:06:36.548"
"1056","3696","103","21","2021-04-14 19:06:36.548"
"1057","3698","103","30","2021-04-14 19:06:36.548"
"1058","3700","103","60","2021-04-14 19:06:36.548"
"1059","3733","95","48","2021-04-14 19:06:36.581"
"1060","3739","94","10","2021-04-14 19:06:36.581"
"1061","3747","95","346","2021-04-14 19:06:36.585"
"1062","3739","94","24","2021-04-14 19:06:36.585"
"1063","3742","94","58","2021-04-14 19:06:36.585"
"1064","3754","103","55","2021-04-14 19:06:36.599"
"1065","3753","96","67","2021-04-14 19:06:36.600"
"1066","3762","103","22","2021-04-14 19:06:36.616"
"1067","3743","104","52","2021-04-14 19:06:36.616"
"1068","3748","104","112","2021-04-14 19:06:36.616"
"1069","3763","98","46","2021-04-14 19:06:36.617"
"1070","3764","97","4","2021-04-14 19:06:36.617"
"1071","3748","104","7","2021-04-14 19:06:36.619"
"1072","3758","104","71","2021-04-14 19:06:36.619"
"1073","3760","104","7","2021-04-14 19:06:36.619"
"1074","3760","104","14","2021-04-14 19:06:36.620"
"1075","3741","105","21","2021-04-14 19:06:36.620"
"1076","3744","105","16","2021-04-14 19:06:36.620"
"1077","3795","103","65","2021-04-14 19:06:36.670"
"1078","3791","102","33","2021-04-14 19:06:36.670"
"1079","3796","102","35","2021-04-14 19:06:36.670"
"1080","3780","101","23","2021-04-14 19:06:36.670"
"1081","3773","99","66","2021-04-14 19:06:36.670"
"1082","3765","97","58","2021-04-14 19:06:36.670"
"1083","3753","96","78","2021-04-14 19:06:36.670"
"1084","3811","105","61","2021-04-14 19:06:36.697"
"1085","3803","104","9","2021-04-14 19:06:36.697"
"1086","3820","105","34","2021-04-14 19:06:36.731"
"1087","3819","106","27","2021-04-14 19:06:36.731"
"1088","3819","106","60","2021-04-14 19:06:36.737"
"1089","3833","106","1884","2021-04-14 19:06:36.737"
"1090","3833","106","177","2021-04-14 19:06:36.741"
"1091","3829","104","50","2021-04-14 19:06:36.743"
"1092","3841","101","41","2021-04-14 19:06:36.750"
"1093","3843","104","111","2021-04-14 19:06:36.753"
"1094","3842","105","38","2021-04-14 19:06:36.753"
"1095","3866","105","41","2021-04-14 19:06:36.794"
"1096","3833","106","1337","2021-04-14 19:06:36.794"
"1097","3848","106","21","2021-04-14 19:06:36.810"
"1098","3851","106","25","2021-04-14 19:06:36.810"
"1099","3854","106","25","2021-04-14 19:06:36.810"
"1100","3861","106","47","2021-04-14 19:06:36.810"
"1101","3869","106","20","2021-04-14 19:06:36.810"
"1102","3876","106","20","2021-04-14 19:06:36.810"
"1103","3878","106","66","2021-04-14 19:06:36.810"
"1104","3871","105","48","2021-04-14 19:06:36.813"
"1105","3872","105","29","2021-04-14 19:06:36.813"
"1106","3880","105","43","2021-04-14 19:06:36.813"
"1107","3860","104","44","2021-04-14 19:06:36.813"
"1108","3862","104","6","2021-04-14 19:06:36.813"
"1109","3862","104","26","2021-04-14 19:06:36.889"
"1110","3863","104","396","2021-04-14 19:06:36.889"
"1111","3867","104","46","2021-04-14 19:06:36.889"
"1112","3877","104","47","2021-04-14 19:06:36.889"
"1113","3883","104","61","2021-04-14 19:06:36.889"
"1114","3894","104","31","2021-04-14 19:06:36.889"
"1115","3901","104","47","2021-04-14 19:06:36.889"
"1116","3904","104","195","2021-04-14 19:06:36.889"
"1117","3904","104","132","2021-04-14 19:06:36.892"
"1118","3904","104","29","2021-04-14 19:06:36.901"
"1119","3905","104","33","2021-04-14 19:06:36.901"
"1120","3903","105","25","2021-04-14 19:06:36.944"
"1121","3941","105","21","2021-04-14 19:06:36.944"
"1122","3946","105","52","2021-04-14 19:06:36.944"
"1123","3950","105","22","2021-04-14 19:06:36.944"
"1124","3878","106","24","2021-04-14 19:06:36.944"
"1125","3890","106","25","2021-04-14 19:06:36.944"
"1126","3897","106","39","2021-04-14 19:06:36.944"
"1127","3915","106","119","2021-04-14 19:06:36.944"
"1128","3917","106","20","2021-04-14 19:06:36.944"
"1129","3925","106","39","2021-04-14 19:06:36.944"
"1130","3926","106","25","2021-04-14 19:06:36.944"
"1131","3873","107","28","2021-04-14 19:06:36.944"
"1132","3802","108","23","2021-04-14 19:06:36.944"
"1133","3805","108","51","2021-04-14 19:06:36.944"
"1134","3801","109","60","2021-04-14 19:06:36.944"
"1135","3960","107","38","2021-04-14 19:06:36.968"
"1136","3801","109","16","2021-04-14 19:06:36.968"
"1137","3961","105","25","2021-04-14 19:06:36.969"
"1138","3905","104","31","2021-04-14 19:06:36.969"
"1139","3801","109","97","2021-04-14 19:06:36.971"
"1140","3956","109","38","2021-04-14 19:06:36.971"
"1141","3956","109","236","2021-04-14 19:06:36.989"
"1142","3958","109","30","2021-04-14 19:06:37.001"
"1143","3979","112","70","2021-04-14 19:06:37.013"
"1144","3988","108","177","2021-04-14 19:06:37.023"
"1145","3995","109","36","2021-04-14 19:06:37.034"
"1146","3988","108","231","2021-04-14 19:06:37.034"
"1147","3998","109","191","2021-04-14 19:06:37.044"
"1148","4006","110","54","2021-04-14 19:06:37.055"
"1149","4010","113","21","2021-04-14 19:06:37.062"
"1150","4025","115","62","2021-04-14 19:06:37.088"
"1151","4022","114","40","2021-04-14 19:06:37.088"
"1152","4014","113","29","2021-04-14 19:06:37.088"
"1153","4013","112","34","2021-04-14 19:06:37.088"
"1154","4016","112","35","2021-04-14 19:06:37.088"
"1155","4017","112","20","2021-04-14 19:06:37.088"
"1156","4008","111","279","2021-04-14 19:06:37.088"
"1157","4006","110","44","2021-04-14 19:06:37.088"
"1158","4012","110","92","2021-04-14 19:06:37.088"
"1159","3998","109","72","2021-04-14 19:06:37.088"
"1160","3988","108","204","2021-04-14 19:06:37.088"
"1161","3992","107","50","2021-04-14 19:06:37.088"
"1162","3971","106","493","2021-04-14 19:06:37.088"
"1163","3967","105","320","2021-04-14 19:06:37.088"
"1164","3911","104","235","2021-04-14 19:06:37.088"
"1165","4019","122","57","2021-04-14 19:06:37.097"
"1166","4034","111","46","2021-04-14 19:06:37.100"
"1167","4040","110","82","2021-04-14 19:06:37.113"
"1168","4073","104","34","2021-04-14 19:06:37.173"
"1169","4075","104","37","2021-04-14 19:06:37.173"
"1170","4079","104","33","2021-04-14 19:06:37.173"
"1171","4030","103","46","2021-04-14 19:06:37.173"
"1172","4037","103","12","2021-04-14 19:06:37.173"
"1173","4037","103","20","2021-04-14 19:06:37.176"
"1174","4051","103","26","2021-04-14 19:06:37.176"
"1175","4054","103","22","2021-04-14 19:06:37.176"
"1176","4058","103","24","2021-04-14 19:06:37.176"
"1177","4089","104","123","2021-04-14 19:06:37.193"
"1178","4089","104","39","2021-04-14 19:06:37.197"
"1179","4094","104","20","2021-04-14 19:06:37.197"
"1180","4058","103","57","2021-04-14 19:06:37.197"
"1181","4052","102","22","2021-04-14 19:06:37.197"
"1182","4062","102","1","2021-04-14 19:06:37.197"
"1183","4084","105","67","2021-04-14 19:06:37.205"
"1184","4056","106","46","2021-04-14 19:06:37.205"
"1185","4065","106","198","2021-04-14 19:06:37.205"
"1186","4069","106","22","2021-04-14 19:06:37.205"
"1187","4078","106","551","2021-04-14 19:06:37.205"
"1188","4129","101","293","2021-04-14 19:06:37.263"
"1189","4110","105","21","2021-04-14 19:06:37.270"
"1190","4113","105","35","2021-04-14 19:06:37.270"
"1191","4131","105","26","2021-04-14 19:06:37.301"
"1192","4078","106","47","2021-04-14 19:06:37.301"
"1193","4137","103","91","2021-04-14 19:06:37.318"
"1194","4139","103","125","2021-04-14 19:06:37.318"
"1195","4139","103","52","2021-04-14 19:06:37.339"
"1196","4148","103","22","2021-04-14 19:06:37.339"
"1197","4173","104","22","2021-04-14 19:06:37.366"
"1198","4177","104","54","2021-04-14 19:06:37.366"
"1199","4179","104","25","2021-04-14 19:06:37.366"
"1200","4181","104","33","2021-04-14 19:06:37.366"
"1201","4175","103","34","2021-04-14 19:06:37.366"
"1202","4178","103","41","2021-04-14 19:06:37.366"
"1203","4180","103","28","2021-04-14 19:06:37.366"
"1204","4164","102","57","2021-04-14 19:06:37.366"
"1205","4165","102","32","2021-04-14 19:06:37.366"
"1206","4167","102","28","2021-04-14 19:06:37.366"
"1207","4129","101","862","2021-04-14 19:06:37.366"
"1208","4185","95","22","2021-04-14 19:06:37.373"
"1209","4189","102","25","2021-04-14 19:06:37.379"
"1210","4191","104","324","2021-04-14 19:06:37.380"
"1211","4191","104","13","2021-04-14 19:06:37.384"
"1212","4176","105","52","2021-04-14 19:06:37.384"
"1213","4194","105","9","2021-04-14 19:06:37.384"
"1214","4201","102","22","2021-04-14 19:06:37.402"
"1215","4209","102","35","2021-04-14 19:06:37.402"
"1216","4200","103","70","2021-04-14 19:06:37.402"
"1217","4203","103","22","2021-04-14 19:06:37.402"
"1218","4204","101","61","2021-04-14 19:06:37.404"
"1219","4203","103","58","2021-04-14 19:06:37.430"
"1220","4205","103","90","2021-04-14 19:06:37.430"
"1221","4197","104","12","2021-04-14 19:06:37.430"
"1222","4231","102","141","2021-04-14 19:06:37.456"
"1223","4238","102","34","2021-04-14 19:06:37.456"
"1224","4230","101","28","2021-04-14 19:06:37.456"
"1225","4202","100","40","2021-04-14 19:06:37.456"
"1226","4247","96","67","2021-04-14 19:06:37.466"
"1227","4245","102","63","2021-04-14 19:06:37.489"
"1228","4236","103","23","2021-04-14 19:06:37.489"
"1229","4236","103","17","2021-04-14 19:06:37.491"
"1230","4197","104","12","2021-04-14 19:06:37.491"
"1231","4237","104","23","2021-04-14 19:06:37.491"
"1232","4239","104","25","2021-04-14 19:06:37.491"
"1233","4266","96","95","2021-04-14 19:06:37.505"
"1234","4246","95","32","2021-04-14 19:06:37.505"
"1235","4249","95","72","2021-04-14 19:06:37.505"
"1236","4259","95","86","2021-04-14 19:06:37.505"
"1237","4279","104","43","2021-04-14 19:06:37.520"
"1238","4195","105","30","2021-04-14 19:06:37.520"
"1239","4277","98","44","2021-04-14 19:06:37.521"
"1240","4274","97","32","2021-04-14 19:06:37.521"
"1241","4273","96","41","2021-04-14 19:06:37.521"
"1242","4284","104","51","2021-04-14 19:06:37.528"
"1243","4284","104","22","2021-04-14 19:06:37.535"
"1244","4195","105","148","2021-04-14 19:06:37.535"
"1245","4273","96","29","2021-04-14 19:06:37.544"
"1246","4275","96","163","2021-04-14 19:06:37.544"
"1247","4275","96","29","2021-04-14 19:06:37.567"
"1248","4288","96","32","2021-04-14 19:06:37.567"
"1249","4259","95","162","2021-04-14 19:06:37.567"
"1250","4312","97","26","2021-04-14 19:06:37.585"
"1251","4308","96","27","2021-04-14 19:06:37.585"
"1252","4259","95","118","2021-04-14 19:06:37.585"
"1253","4307","101","61","2021-04-14 19:06:37.586"
"1254","4259","95","7","2021-04-14 19:06:37.595"
"1255","4262","95","69","2021-04-14 19:06:37.595"
"1256","4262","95","44","2021-04-14 19:06:37.602"
"1257","4282","95","8","2021-04-14 19:06:37.602"
"1258","4321","98","27","2021-04-14 19:06:37.628"
"1259","4317","99","26","2021-04-14 19:06:37.628"
"1260","4315","100","260","2021-04-14 19:06:37.628"
"1261","4320","100","36","2021-04-14 19:06:37.628"
"1262","4307","101","50","2021-04-14 19:06:37.628"
"1263","4316","101","44","2021-04-14 19:06:37.628"
"1264","4306","102","41","2021-04-14 19:06:37.628"
"1265","4305","103","27","2021-04-14 19:06:37.628"
"1266","4301","104","26","2021-04-14 19:06:37.628"
"1267","4195","105","11","2021-04-14 19:06:37.628"
"1268","4283","106","4","2021-04-14 19:06:37.628"
"1269","4340","98","23","2021-04-14 19:06:37.647"
"1270","4337","97","54","2021-04-14 19:06:37.647"
"1271","4346","102","38","2021-04-14 19:06:37.649"
"1272","4345","103","22","2021-04-14 19:06:37.649"
"1273","4348","103","34","2021-04-14 19:06:37.649"
"1274","4348","103","52","2021-04-14 19:06:37.675"
"1275","4365","98","58","2021-04-14 19:06:37.682"
"1276","4337","97","52","2021-04-14 19:06:37.682"
"1277","4376","98","93","2021-04-14 19:06:37.704"
"1278","4337","97","8","2021-04-14 19:06:37.704"
"1279","4353","103","51","2021-04-14 19:06:37.707"
"1280","4353","103","45","2021-04-14 19:06:37.709"
"1281","4373","103","77","2021-04-14 19:06:37.709"
"1282","4339","104","27","2021-04-14 19:06:37.710"
"1283","4361","104","25","2021-04-14 19:06:37.710"
"1284","4403","103","55","2021-04-14 19:06:37.775"
"1285","4406","97","20","2021-04-14 19:06:37.776"
"1286","4329","96","72","2021-04-14 19:06:37.776"
"1287","4427","97","35","2021-04-14 19:06:37.834"
"1288","4426","96","30","2021-04-14 19:06:37.834"
"1289","4420","95","34","2021-04-14 19:06:37.835"
"1290","4421","94","32","2021-04-14 19:06:37.835"
"1291","4454","91","43","2021-04-14 19:06:37.878"
"1292","4453","92","22","2021-04-14 19:06:37.878"
"1293","4458","92","8","2021-04-14 19:06:37.878"
"1294","4458","92","16","2021-04-14 19:06:37.891"
"1295","4459","92","47","2021-04-14 19:06:37.891"
"1296","4456","88","59","2021-04-14 19:06:37.892"
"1297","4456","88","119","2021-04-14 19:06:37.895"
"1298","4456","88","22","2021-04-14 19:06:37.909"
"1299","4476","91","60","2021-04-14 19:06:37.912"
"1300","4459","92","3","2021-04-14 19:06:37.912"
"1301","4481","92","24","2021-04-14 19:06:37.939"
"1302","4449","93","31","2021-04-14 19:06:37.939"
"1303","4464","93","21","2021-04-14 19:06:37.939"
"1304","4479","93","69","2021-04-14 19:06:37.939"
"1305","4493","92","43","2021-04-14 19:06:37.948"
"1306","4479","93","51","2021-04-14 19:06:37.948"
"1307","4480","93","23","2021-04-14 19:06:37.948"
"1308","4447","94","31","2021-04-14 19:06:37.948"
"1309","4447","94","20","2021-04-14 19:06:37.949"
"1310","4490","94","23","2021-04-14 19:06:37.949"
"1311","4445","95","70","2021-04-14 19:06:37.949"
"1312","4443","96","398","2021-04-14 19:06:37.949"
"1313","4442","97","8","2021-04-14 19:06:37.949"
"1314","4497","89","46","2021-04-14 19:06:37.964"
"1315","4442","97","15","2021-04-14 19:06:37.972"
"1316","4440","98","102","2021-04-14 19:06:37.972"
"1317","4503","92","52","2021-04-14 19:06:37.979"
"1318","4520","89","35","2021-04-14 19:06:38.020"
"1319","4524","88","32","2021-04-14 19:06:38.020"
"1320","4525","88","36","2021-04-14 19:06:38.020"
"1321","4529","88","3","2021-04-14 19:06:38.020"
"1322","4532","97","40","2021-04-14 19:06:38.028"
"1323","4441","99","11","2021-04-14 19:06:38.028"
"1324","4538","98","34","2021-04-14 19:06:38.032"
"1325","4441","99","11","2021-04-14 19:06:38.032"
"1326","4508","99","41","2021-04-14 19:06:38.032"
"1327","4546","89","142","2021-04-14 19:06:38.056"
"1328","4569","93","31","2021-04-14 19:06:38.097"
"1329","4564","94","20","2021-04-14 19:06:38.097"
"1330","4573","93","21","2021-04-14 19:06:38.118"
"1331","4574","93","37","2021-04-14 19:06:38.118"
"1332","4559","92","40","2021-04-14 19:06:38.121"
"1333","4558","91","73","2021-04-14 19:06:38.121"
"1334","4558","91","94","2021-04-14 19:06:38.154"
"1335","4558","91","52","2021-04-14 19:06:38.172"
"1336","4558","91","87","2021-04-14 19:06:38.214"
"1337","4586","91","44","2021-04-14 19:06:38.214"
"1338","4590","91","118","2021-04-14 19:06:38.214"
"1339","4591","91","30","2021-04-14 19:06:38.214"
"1340","4584","90","63","2021-04-14 19:06:38.214"
"1341","4641","92","25","2021-04-14 19:06:38.269"
"1342","4574","93","13","2021-04-14 19:06:38.269"
"1343","4577","93","22","2021-04-14 19:06:38.269"
"1344","4588","93","48","2021-04-14 19:06:38.269"
"1345","4611","93","43","2021-04-14 19:06:38.269"
"1346","4613","93","30","2021-04-14 19:06:38.269"
"1347","4619","93","65","2021-04-14 19:06:38.269"
"1348","4619","93","74","2021-04-14 19:06:38.270"
"1349","4619","93","108","2021-04-14 19:06:38.276"
"1350","4666","90","77","2021-04-14 19:06:38.315"
"1351","4673","91","22","2021-04-14 19:06:38.326"
"1352","4661","92","23","2021-04-14 19:06:38.326"
"1353","4619","93","69","2021-04-14 19:06:38.326"
"1354","4651","89","20","2021-04-14 19:06:38.367"
"1355","4667","89","478","2021-04-14 19:06:38.367"
"1356","4692","91","60","2021-04-14 19:06:38.374"
"1357","4687","92","40","2021-04-14 19:06:38.374"
"1358","4620","93","73","2021-04-14 19:06:38.374"
"1359","4622","93","56","2021-04-14 19:06:38.374"
"1360","4644","93","38","2021-04-14 19:06:38.374"
"1361","4662","93","23","2021-04-14 19:06:38.374"
"1362","4671","93","21","2021-04-14 19:06:38.374"
"1363","4564","94","4","2021-04-14 19:06:38.374"
"1364","4570","94","35","2021-04-14 19:06:38.374"
"1365","4657","94","33","2021-04-14 19:06:38.374"
"1366","4676","94","21","2021-04-14 19:06:38.374"
"1367","4565","95","26","2021-04-14 19:06:38.374"
"1368","4553","96","34","2021-04-14 19:06:38.374"
"1369","4556","96","320","2021-04-14 19:06:38.374"
"1370","4549","97","46","2021-04-14 19:06:38.374"
"1371","4548","98","21","2021-04-14 19:06:38.374"
"1372","4510","99","54","2021-04-14 19:06:38.374"
"1373","4522","99","20","2021-04-14 19:06:38.374"
"1374","4541","100","235","2021-04-14 19:06:38.374"
"1375","4547","100","45","2021-04-14 19:06:38.374"
"1376","4403","103","34","2021-04-14 19:06:38.374"
"1377","4404","104","39","2021-04-14 19:06:38.374"
"1378","4384","105","27","2021-04-14 19:06:38.374"
"1379","4401","105","86","2021-04-14 19:06:38.374"
"1380","4283","106","34","2021-04-14 19:06:38.374"
"1381","4705","92","22","2021-04-14 19:06:38.401"
"1382","4695","91","24","2021-04-14 19:06:38.401"
"1383","4702","91","30","2021-04-14 19:06:38.401"
"1384","4700","97","23","2021-04-14 19:06:38.402"
"1385","4707","98","25","2021-04-14 19:06:38.402"
"1386","4702","91","13","2021-04-14 19:06:38.405"
"1387","4703","91","32","2021-04-14 19:06:38.405"
"1388","4706","91","80","2021-04-14 19:06:38.405"
"1389","4717","92","25","2021-04-14 19:06:38.416"
"1390","4706","91","125","2021-04-14 19:06:38.416"
"1391","4726","93","25","2021-04-14 19:06:38.435"
"1392","4727","94","26","2021-04-14 19:06:38.435"
"1393","4729","94","21","2021-04-14 19:06:38.435"
"1394","4730","92","69","2021-04-14 19:06:38.438"
"1395","4744","92","54","2021-04-14 19:06:38.462"
"1396","4706","91","97","2021-04-14 19:06:38.462"
"1397","4733","91","26","2021-04-14 19:06:38.462"
"1398","4745","91","47","2021-04-14 19:06:38.462"
"1399","4694","90","38","2021-04-14 19:06:38.463"
"1400","4696","90","116","2021-04-14 19:06:38.463"
"1401","4667","89","254","2021-04-14 19:06:38.463"
"1402","4672","89","33","2021-04-14 19:06:38.463"
"1403","4674","89","36","2021-04-14 19:06:38.463"
"1404","4680","89","44","2021-04-14 19:06:38.463"
"1405","4763","92","53","2021-04-14 19:06:38.500"
"1406","4779","90","59","2021-04-14 19:06:38.528"
"1407","4788","84","36","2021-04-14 19:06:38.540"
"1408","4789","83","107","2021-04-14 19:06:38.540"
"1409","4773","92","472","2021-04-14 19:06:38.542"
"1410","4776","92","27","2021-04-14 19:06:38.542"
"1411","4738","93","34","2021-04-14 19:06:38.542"
"1412","4738","93","10","2021-04-14 19:06:38.546"
"1413","4766","93","61","2021-04-14 19:06:38.546"
"1414","4774","93","31","2021-04-14 19:06:38.546"
"1415","4787","93","64","2021-04-14 19:06:38.546"
"1416","4793","94","3","2021-04-14 19:06:38.546"
"1417","4793","94","40","2021-04-14 19:06:38.550"
"1418","4804","84","45","2021-04-14 19:06:38.564"
"1419","4803","85","42","2021-04-14 19:06:38.564"
"1420","4826","81","22","2021-04-14 19:06:38.597"
"1421","4821","82","34","2021-04-14 19:06:38.597"
"1422","4831","81","23","2021-04-14 19:06:38.605"
"1423","4821","82","73","2021-04-14 19:06:38.605"
"1424","4849","77","31","2021-04-14 19:06:38.639"
"1425","4834","76","31","2021-04-14 19:06:38.639"
"1426","4844","75","30","2021-04-14 19:06:38.639"
"1427","4852","79","25","2021-04-14 19:06:38.644"
"1428","4846","80","66","2021-04-14 19:06:38.644"
"1429","4840","81","23","2021-04-14 19:06:38.644"
"1430","4821","82","5","2021-04-14 19:06:38.664"
"1431","4841","82","35","2021-04-14 19:06:38.664"
"1432","4861","82","68","2021-04-14 19:06:38.664"
"1433","4814","83","13","2021-04-14 19:06:38.664"
"1434","4866","81","24","2021-04-14 19:06:38.678"
"1435","4867","82","39","2021-04-14 19:06:38.678"
"1436","4871","76","24","2021-04-14 19:06:38.682"
"1437","4844","75","2039","2021-04-14 19:06:38.682"
"1438","4851","74","60","2021-04-14 19:06:38.682"
"1439","4874","81","84","2021-04-14 19:06:38.686"
"1440","4874","81","5","2021-04-14 19:06:38.692"
"1441","4867","82","27","2021-04-14 19:06:38.692"
"1442","4872","83","39","2021-04-14 19:06:38.692"
"1443","4813","85","10","2021-04-14 19:06:38.692"
"1444","4875","71","264","2021-04-14 19:06:38.693"
"1445","4897","79","63","2021-04-14 19:06:38.734"
"1446","4889","78","9","2021-04-14 19:06:38.734"
"1447","4813","85","15","2021-04-14 19:06:38.737"
"1448","4891","85","42","2021-04-14 19:06:38.737"
"1449","4884","86","75","2021-04-14 19:06:38.737"
"1450","4920","78","35","2021-04-14 19:06:38.769"
"1451","4895","77","67","2021-04-14 19:06:38.769"
"1452","4921","84","32","2021-04-14 19:06:38.771"
"1453","4919","85","36","2021-04-14 19:06:38.771"
"1454","4923","85","26","2021-04-14 19:06:38.771"
"1455","4944","85","31","2021-04-14 19:06:38.815"
"1456","4943","86","27","2021-04-14 19:06:38.815"
"1457","4955","87","73","2021-04-14 19:06:38.829"
"1458","4955","87","66","2021-04-14 19:06:38.838"
"1459","4957","80","66","2021-04-14 19:06:38.848"
"1460","4931","79","1","2021-04-14 19:06:38.848"
"1461","4969","80","24","2021-04-14 19:06:38.852"
"1462","4931","79","25","2021-04-14 19:06:38.852"
"1463","4959","79","134","2021-04-14 19:06:38.852"
"1464","4970","89","23","2021-04-14 19:06:38.853"
"1465","4967","90","73","2021-04-14 19:06:38.853"
"1466","4967","90","50","2021-04-14 19:06:38.859"
"1467","4967","90","121","2021-04-14 19:06:38.860"
"1468","4993","83","66","2021-04-14 19:06:38.955"
"1469","5012","87","25","2021-04-14 19:06:38.987"
"1470","5011","86","92","2021-04-14 19:06:38.987"
"1471","5010","85","30","2021-04-14 19:06:38.998"
"1472","5007","84","26","2021-04-14 19:06:38.998"
"1473","4993","83","7","2021-04-14 19:06:38.998"
"1474","5008","83","99","2021-04-14 19:06:38.998"
"1475","5009","83","10","2021-04-14 19:06:38.998"
"1476","5009","83","113","2021-04-14 19:06:38.999"
"1477","5023","89","27","2021-04-14 19:06:39.020"
"1478","5017","90","58","2021-04-14 19:06:39.020"
"1479","5002","91","133","2021-04-14 19:06:39.020"
"1480","5013","91","46","2021-04-14 19:06:39.020"
"1481","4996","92","65","2021-04-14 19:06:39.033"
"1482","5070","85","44","2021-04-14 19:06:39.112"
"1483","5060","84","48","2021-04-14 19:06:39.112"
"1484","5060","84","16","2021-04-14 19:06:39.123"
"1485","5071","84","42","2021-04-14 19:06:39.123"
"1486","5076","84","109","2021-04-14 19:06:39.123"
"1487","5009","83","174","2021-04-14 19:06:39.123"
"1488","5054","83","21","2021-04-14 19:06:39.123"
"1489","5055","83","93","2021-04-14 19:06:39.123"
"1490","5061","83","22","2021-04-14 19:06:39.123"
"1491","5065","83","21","2021-04-14 19:06:39.123"
"1492","5067","89","118","2021-04-14 19:06:39.124"
"1493","5091","87","75","2021-04-14 19:06:39.145"
"1494","5083","88","55","2021-04-14 19:06:39.145"
"1495","5088","89","35","2021-04-14 19:06:39.145"
"1496","5053","90","93","2021-04-14 19:06:39.162"
"1497","5068","90","22","2021-04-14 19:06:39.162"
"1498","5079","90","152","2021-04-14 19:06:39.162"
"1499","5097","84","32","2021-04-14 19:06:39.163"
"1500","5096","83","36","2021-04-14 19:06:39.163"
"1501","5103","90","33","2021-04-14 19:06:39.175"
"1502","5043","91","25","2021-04-14 19:06:39.175"
"1503","5105","91","14","2021-04-14 19:06:39.175"
"1504","5118","89","50","2021-04-14 19:06:39.222"
"1505","5133","85","24","2021-04-14 19:06:39.230"
"1506","5131","84","348","2021-04-14 19:06:39.230"
"1507","5146","85","47","2021-04-14 19:06:39.260"
"1508","5131","84","32","2021-04-14 19:06:39.260"
"1509","5131","84","56","2021-04-14 19:06:39.298"
"1510","5166","86","75","2021-04-14 19:06:39.319"
"1511","5175","85","23","2021-04-14 19:06:39.321"
"1512","5131","84","27","2021-04-14 19:06:39.321"
"1513","5166","86","8","2021-04-14 19:06:39.327"
"1514","5168","86","43","2021-04-14 19:06:39.327"
"1515","5147","87","21","2021-04-14 19:06:39.327"
"1516","5172","87","55","2021-04-14 19:06:39.327"
"1517","5173","87","27","2021-04-14 19:06:39.327"
"1518","5174","87","255","2021-04-14 19:06:39.327"
"1519","5150","88","61","2021-04-14 19:06:39.327"
"1520","5150","88","6","2021-04-14 19:06:39.332"
"1521","5158","88","54","2021-04-14 19:06:39.332"
"1522","5158","88","53","2021-04-14 19:06:39.333"
"1523","5164","88","25","2021-04-14 19:06:39.333"
"1524","5121","89","7","2021-04-14 19:06:39.333"
"1525","5184","85","68","2021-04-14 19:06:39.336"
"1526","5184","85","38","2021-04-14 19:06:39.337"
"1527","5131","84","15","2021-04-14 19:06:39.337"
"1528","5131","84","494","2021-04-14 19:06:39.342"
"1529","5149","84","110","2021-04-14 19:06:39.342"
"1530","5151","84","50","2021-04-14 19:06:39.342"
"1531","5176","84","24","2021-04-14 19:06:39.342"
"1532","5132","83","48","2021-04-14 19:06:39.342"
"1533","5136","83","76","2021-04-14 19:06:39.342"
"1534","5137","83","26","2021-04-14 19:06:39.342"
"1535","5138","83","21","2021-04-14 19:06:39.342"
"1536","5141","83","63","2021-04-14 19:06:39.342"
"1537","5144","83","47","2021-04-14 19:06:39.342"
"1538","5145","83","37","2021-04-14 19:06:39.342"
"1539","4980","82","33","2021-04-14 19:06:39.342"
"1540","4999","82","5","2021-04-14 19:06:39.342"
"1541","4999","82","29","2021-04-14 19:06:39.348"
"1542","5005","82","21","2021-04-14 19:06:39.348"
"1543","5006","82","86","2021-04-14 19:06:39.348"
"1544","5033","82","28","2021-04-14 19:06:39.348"
"1545","5034","82","26","2021-04-14 19:06:39.348"
"1546","5034","82","106","2021-04-14 19:06:39.369"
"1547","5201","83","24","2021-04-14 19:06:39.372"
"1548","5034","82","39","2021-04-14 19:06:39.372"
"1549","5203","83","59","2021-04-14 19:06:39.393"
"1550","5205","83","4","2021-04-14 19:06:39.393"
"1551","5218","86","91","2021-04-14 19:06:39.410"
"1552","5221","86","14","2021-04-14 19:06:39.410"
"1553","5209","87","25","2021-04-14 19:06:39.422"
"1554","5220","87","25","2021-04-14 19:06:39.422"
"1555","5229","87","42","2021-04-14 19:06:39.422"
"1556","5199","88","24","2021-04-14 19:06:39.422"
"1557","5210","88","129","2021-04-14 19:06:39.422"
"1558","5210","88","108","2021-04-14 19:06:39.427"
"1559","5210","88","66","2021-04-14 19:06:39.428"
"1560","5219","88","4","2021-04-14 19:06:39.428"
"1561","5219","88","62","2021-04-14 19:06:39.431"
"1562","5219","88","12","2021-04-14 19:06:39.451"
"1563","5223","88","83","2021-04-14 19:06:39.451"
"1564","5232","87","24","2021-04-14 19:06:39.476"
"1565","5238","87","48","2021-04-14 19:06:39.476"
"1566","5221","86","40","2021-04-14 19:06:39.476"
"1567","5225","86","84","2021-04-14 19:06:39.476"
"1568","5236","86","31","2021-04-14 19:06:39.476"
"1569","5247","86","21","2021-04-14 19:06:39.476"
"1570","5216","85","30","2021-04-14 19:06:39.476"
"1571","5217","84","23","2021-04-14 19:06:39.476"
"1572","5085","82","39","2021-04-14 19:06:39.476"
"1573","5208","82","31","2021-04-14 19:06:39.476"
"1574","5213","82","109","2021-04-14 19:06:39.476"
"1575","5262","85","20","2021-04-14 19:06:39.487"
"1576","5261","86","27","2021-04-14 19:06:39.487"
"1577","5258","87","20","2021-04-14 19:06:39.487"
"1578","5223","88","77","2021-04-14 19:06:39.487"
"1579","5233","88","82","2021-04-14 19:06:39.487"
"1580","5243","88","179","2021-04-14 19:06:39.487"
"1581","5243","88","139","2021-04-14 19:06:39.492"
"1582","5243","88","61","2021-04-14 19:06:39.502"
"1583","5275","79","149","2021-04-14 19:06:39.506"
"1584","5274","87","24","2021-04-14 19:06:39.518"
"1585","5279","87","29","2021-04-14 19:06:39.518"
"1586","5243","88","475","2021-04-14 19:06:39.518"
"1587","5285","79","27","2021-04-14 19:06:39.524"
"1588","5289","84","64","2021-04-14 19:06:39.533"
"1589","5294","76","46","2021-04-14 19:06:39.539"
"1590","5297","83","36","2021-04-14 19:06:39.546"
"1591","5295","84","41","2021-04-14 19:06:39.546"
"1592","5291","85","35","2021-04-14 19:06:39.546"
"1593","5302","82","28","2021-04-14 19:06:39.557"
"1594","5312","73","22","2021-04-14 19:06:39.568"
"1595","5319","76","27","2021-04-14 19:06:39.589"
"1596","5323","75","64","2021-04-14 19:06:39.589"
"1597","5306","83","21","2021-04-14 19:06:39.593"
"1598","5301","84","24","2021-04-14 19:06:39.593"
"1599","5307","84","8","2021-04-14 19:06:39.593"
"1600","5327","76","25","2021-04-14 19:06:39.614"
"1601","5335","76","27","2021-04-14 19:06:39.614"
"1602","5320","84","53","2021-04-14 19:06:39.664"
"1603","5364","83","39","2021-04-14 19:06:39.683"
"1604","5362","82","120","2021-04-14 19:06:39.683"
"1605","5361","81","37","2021-04-14 19:06:39.683"
"1606","5363","81","51","2021-04-14 19:06:39.683"
"1607","5368","83","36","2021-04-14 19:06:39.710"
"1608","5374","83","64","2021-04-14 19:06:39.710"
"1609","5377","83","56","2021-04-14 19:06:39.710"
"1610","5320","84","9","2021-04-14 19:06:39.710"
"1611","5334","84","26","2021-04-14 19:06:39.710"
"1612","5378","84","167","2021-04-14 19:06:39.710"
"1613","5378","84","67","2021-04-14 19:06:39.718"
"1614","5379","81","26","2021-04-14 19:06:39.736"
"1615","5398","81","23","2021-04-14 19:06:39.753"
"1616","5388","82","48","2021-04-14 19:06:39.753"
"1617","5390","82","20","2021-04-14 19:06:39.753"
"1618","5386","83","48","2021-04-14 19:06:39.753"
"1619","5389","83","2","2021-04-14 19:06:39.753"
"1620","5421","79","40","2021-04-14 19:06:39.804"
"1621","5401","78","22","2021-04-14 19:06:39.804"
"1622","5415","82","20","2021-04-14 19:06:39.806"
"1623","5389","83","41","2021-04-14 19:06:39.806"
"1624","5396","83","46","2021-04-14 19:06:39.806"
"1625","5396","83","13","2021-04-14 19:06:39.807"
"1626","5419","83","25","2021-04-14 19:06:39.807"
"1627","5420","83","70","2021-04-14 19:06:39.807"
"1628","5291","85","11","2021-04-14 19:06:39.807"
"1629","5303","85","23","2021-04-14 19:06:39.807"
"1630","5332","85","11","2021-04-14 19:06:39.807"
"1631","5428","80","24","2021-04-14 19:06:39.811"
"1632","5427","79","43","2021-04-14 19:06:39.811"
"1633","5423","78","61","2021-04-14 19:06:39.827"
"1634","5434","84","59","2021-04-14 19:06:39.831"
"1635","5439","80","22","2021-04-14 19:06:39.835"
"1636","5438","79","22","2021-04-14 19:06:39.835"
"1637","5423","78","4","2021-04-14 19:06:39.835"
"1638","5418","77","25","2021-04-14 19:06:39.835"
"1639","5442","79","29","2021-04-14 19:06:39.844"
"1640","5449","78","23","2021-04-14 19:06:39.851"
"1641","5453","82","32","2021-04-14 19:06:39.860"
"1642","5443","83","92","2021-04-14 19:06:39.860"
"1643","5457","81","28","2021-04-14 19:06:39.863"
"1644","5455","80","30","2021-04-14 19:06:39.863"
"1645","5476","80","24","2021-04-14 19:06:39.915"
"1646","5489","80","29","2021-04-14 19:06:39.915"
"1647","5469","81","34","2021-04-14 19:06:39.915"
"1648","5481","81","6","2021-04-14 19:06:39.915"
"1649","5487","79","62","2021-04-14 19:06:39.922"
"1650","5488","79","26","2021-04-14 19:06:39.922"
"1651","5483","78","31","2021-04-14 19:06:39.922"
"1652","5482","77","36","2021-04-14 19:06:39.922"
"1653","5481","81","52","2021-04-14 19:06:39.923"
"1654","5499","80","52","2021-04-14 19:06:39.932"
"1655","5481","81","155","2021-04-14 19:06:39.932"
"1656","5508","79","214","2021-04-14 19:06:39.970"
"1657","5518","79","29","2021-04-14 19:06:39.970"
"1658","5506","80","21","2021-04-14 19:06:39.970"
"1659","5513","80","54","2021-04-14 19:06:39.970"
"1660","5515","80","22","2021-04-14 19:06:39.970"
"1661","5481","81","24","2021-04-14 19:06:39.970"
"1662","5486","81","184","2021-04-14 19:06:39.970"
"1663","5466","82","55","2021-04-14 19:06:39.970"
"1664","5472","82","40","2021-04-14 19:06:39.970"
"1665","5474","82","28","2021-04-14 19:06:39.970"
"1666","5475","82","201","2021-04-14 19:06:39.970"
"1667","5496","82","109","2021-04-14 19:06:39.970"
"1668","5498","82","530","2021-04-14 19:06:39.970"
"1669","5443","83","4","2021-04-14 19:06:39.970"
"1670","5444","84","26","2021-04-14 19:06:39.970"
"1671","5346","85","32","2021-04-14 19:06:39.970"
"1672","5385","85","55","2021-04-14 19:06:39.970"
"1673","5284","87","65","2021-04-14 19:06:39.970"
"1674","5281","88","23","2021-04-14 19:06:39.970"
"1675","5245","89","108","2021-04-14 19:06:39.970"
"1676","5266","89","39","2021-04-14 19:06:39.970"
"1677","5105","91","16","2021-04-14 19:06:39.970"
"1678","5036","92","54","2021-04-14 19:06:39.970"
"1679","5521","77","106","2021-04-14 19:06:39.994"
"1680","5539","80","28","2021-04-14 19:06:40.012"
"1681","5535","79","27","2021-04-14 19:06:40.012"
"1682","5535","79","24","2021-04-14 19:06:40.037"
"1683","5533","78","98","2021-04-14 19:06:40.037"
"1684","5562","87","36","2021-04-14 19:06:40.049"
"1685","5557","88","24","2021-04-14 19:06:40.049"
"1686","5552","89","36","2021-04-14 19:06:40.049"
"1687","5560","89","66","2021-04-14 19:06:40.049"
"1688","5551","90","57","2021-04-14 19:06:40.049"
"1689","5553","90","21","2021-04-14 19:06:40.049"
"1690","5537","91","31","2021-04-14 19:06:40.049"
"1691","5548","92","31","2021-04-14 19:06:40.049"
"1692","5538","78","22","2021-04-14 19:06:40.058"
"1693","5550","78","39","2021-04-14 19:06:40.058"
"1694","5521","77","16","2021-04-14 19:06:40.058"
"1695","5526","77","26","2021-04-14 19:06:40.058"
"1696","5559","77","1","2021-04-14 19:06:40.058"
"1697","5559","77","110","2021-04-14 19:06:40.060"
"1698","5559","77","10","2021-04-14 19:06:40.065"
"1699","5561","77","20","2021-04-14 19:06:40.065"
"1700","5563","77","35","2021-04-14 19:06:40.065"
"1701","5565","77","33","2021-04-14 19:06:40.065"
"1702","5566","77","17","2021-04-14 19:06:40.065"
"1703","5582","79","89","2021-04-14 19:06:40.083"
"1704","5576","80","4","2021-04-14 19:06:40.083"
"1705","5579","78","77","2021-04-14 19:06:40.119"
"1706","5569","77","205","2021-04-14 19:06:40.119"
"1707","5595","80","22","2021-04-14 19:06:40.139"
"1708","5610","81","36","2021-04-14 19:06:40.139"
"1709","5614","80","30","2021-04-14 19:06:40.143"
"1710","5610","81","52","2021-04-14 19:06:40.143"
"1711","5611","81","21","2021-04-14 19:06:40.143"
"1712","5612","81","26","2021-04-14 19:06:40.143"
"1713","5615","81","42","2021-04-14 19:06:40.143"
"1714","5624","84","49","2021-04-14 19:06:40.156"
"1715","5619","85","35","2021-04-14 19:06:40.156"
"1716","5635","80","39","2021-04-14 19:06:40.195"
"1717","5641","80","30","2021-04-14 19:06:40.195"
"1718","5629","79","47","2021-04-14 19:06:40.196"
"1719","5645","79","82","2021-04-14 19:06:40.196"
"1720","5648","81","21","2021-04-14 19:06:40.206"
"1721","5649","81","37","2021-04-14 19:06:40.206"
"1722","5661","80","67","2021-04-14 19:06:40.219"
"1723","5645","79","25","2021-04-14 19:06:40.219"
"1724","5626","78","63","2021-04-14 19:06:40.219"
"1725","5665","79","38","2021-04-14 19:06:40.248"
"1726","5634","78","62","2021-04-14 19:06:40.248"
"1727","5670","78","38","2021-04-14 19:06:40.248"
"1728","5682","78","53","2021-04-14 19:06:40.266"
"1729","5675","79","24","2021-04-14 19:06:40.266"
"1730","5675","79","3","2021-04-14 19:06:40.284"
"1731","5683","79","54","2021-04-14 19:06:40.284"
"1732","5673","80","112","2021-04-14 19:06:40.284"
"1733","5679","80","25","2021-04-14 19:06:40.284"
"1734","5692","73","105","2021-04-14 19:06:40.292"
"1735","5698","78","62","2021-04-14 19:06:40.305"
"1736","5703","74","38","2021-04-14 19:06:40.307"
"1737","5692","73","15","2021-04-14 19:06:40.307"
"1738","5709","77","46","2021-04-14 19:06:40.332"
"1739","5698","78","154","2021-04-14 19:06:40.332"
"1740","5695","79","111","2021-04-14 19:06:40.332"
"1741","5700","79","36","2021-04-14 19:06:40.332"
"1742","5708","79","443","2021-04-14 19:06:40.332"
"1743","5679","80","138","2021-04-14 19:06:40.332"
"1744","5689","80","36","2021-04-14 19:06:40.332"
"1745","5714","75","24","2021-04-14 19:06:40.346"
"1746","5729","84","23","2021-04-14 19:06:40.355"
"1747","5743","79","38","2021-04-14 19:06:40.377"
"1748","5742","78","241","2021-04-14 19:06:40.377"
"1749","5727","77","190","2021-04-14 19:06:40.377"
"1750","5738","77","37","2021-04-14 19:06:40.377"
"1751","5726","76","30","2021-04-14 19:06:40.377"
"1752","5733","76","51","2021-04-14 19:06:40.377"
"1753","5748","79","31","2021-04-14 19:06:40.383"
"1754","5757","79","40","2021-04-14 19:06:40.409"
"1755","5761","78","16","2021-04-14 19:06:40.409"
"1756","5769","80","44","2021-04-14 19:06:40.413"
"1757","5767","81","384","2021-04-14 19:06:40.413"
"1758","5761","78","12","2021-04-14 19:06:40.438"
"1759","5766","78","358","2021-04-14 19:06:40.438"
"1760","5774","84","55","2021-04-14 19:06:40.445"
"1761","5766","78","58","2021-04-14 19:06:40.472"
"1762","5815","80","24","2021-04-14 19:06:40.500"
"1763","5811","79","75","2021-04-14 19:06:40.500"
"1764","5808","78","13","2021-04-14 19:06:40.500"
"1765","5779","77","25","2021-04-14 19:06:40.537"
"1766","5782","77","66","2021-04-14 19:06:40.537"
"1767","5795","77","37","2021-04-14 19:06:40.537"
"1768","5798","77","27","2021-04-14 19:06:40.537"
"1769","5800","77","104","2021-04-14 19:06:40.537"
"1770","5823","85","56","2021-04-14 19:06:40.569"
"1771","5856","80","22","2021-04-14 19:06:40.612"
"1772","5859","80","34","2021-04-14 19:06:40.612"
"1773","5866","84","22","2021-04-14 19:06:40.634"
"1774","5884","84","35","2021-04-14 19:06:40.634"
"1775","5883","83","22","2021-04-14 19:06:40.642"
"1776","5881","82","36","2021-04-14 19:06:40.642"
"1777","5888","82","28","2021-04-14 19:06:40.642"
"1778","5860","80","40","2021-04-14 19:06:40.642"
"1779","5877","79","58","2021-04-14 19:06:40.642"
"1780","5877","79","91","2021-04-14 19:06:40.643"
"1781","5849","77","49","2021-04-14 19:06:40.643"
"1782","5852","77","7","2021-04-14 19:06:40.643"
"1783","5895","78","103","2021-04-14 19:06:40.656"
"1784","5898","83","71","2021-04-14 19:06:40.677"
"1785","5898","83","266","2021-04-14 19:06:40.682"
"1786","5901","79","103","2021-04-14 19:06:40.683"
"1787","5917","82","428","2021-04-14 19:06:40.695"
"1788","5927","80","34","2021-04-14 19:06:40.714"
"1789","5901","79","61","2021-04-14 19:06:40.714"
"1790","5907","79","34","2021-04-14 19:06:40.714"
"1791","5917","82","67","2021-04-14 19:06:40.721"
"1792","5907","79","31","2021-04-14 19:06:40.722"
"1793","5895","78","78","2021-04-14 19:06:40.722"
"1794","5922","78","25","2021-04-14 19:06:40.722"
"1795","5942","82","25","2021-04-14 19:06:40.745"
"1796","5919","83","33","2021-04-14 19:06:40.745"
"1797","5921","83","25","2021-04-14 19:06:40.745"
"1798","5924","83","2","2021-04-14 19:06:40.745"
"1799","5937","79","54","2021-04-14 19:06:40.752"
"1800","5929","78","28","2021-04-14 19:06:40.752"
"1801","5939","78","7","2021-04-14 19:06:40.752"
"1802","5956","82","20","2021-04-14 19:06:40.790"
"1803","5924","83","34","2021-04-14 19:06:40.790"
"1804","5953","83","14","2021-04-14 19:06:40.790"
"1805","5953","83","10","2021-04-14 19:06:40.793"
"1806","5959","83","51","2021-04-14 19:06:40.793"
"1807","5958","78","77","2021-04-14 19:06:40.806"
"1808","5974","80","24","2021-04-14 19:06:40.812"
"1809","5973","79","21","2021-04-14 19:06:40.812"
"1810","5975","79","20","2021-04-14 19:06:40.812"
"1811","5971","81","110","2021-04-14 19:06:40.824"
"1812","5978","81","95","2021-04-14 19:06:40.824"
"1813","5982","81","23","2021-04-14 19:06:40.824"
"1814","5982","81","48","2021-04-14 19:06:40.852"
"1815","5997","81","24","2021-04-14 19:06:40.852"
"1816","5969","82","28","2021-04-14 19:06:40.852"
"1817","5999","81","122","2021-04-14 19:06:40.862"
"1818","5989","80","33","2021-04-14 19:06:40.864"
"1819","5990","80","30","2021-04-14 19:06:40.864"
"1820","5995","80","31","2021-04-14 19:06:40.864"
"1821","5999","81","102","2021-04-14 19:06:40.865"
"1822","6000","81","63","2021-04-14 19:06:40.865"
"1823","5969","82","30","2021-04-14 19:06:40.865"
"1824","5986","82","7","2021-04-14 19:06:40.865"
"1825","5986","82","46","2021-04-14 19:06:40.884"
"1826","5987","82","90","2021-04-14 19:06:40.884"
"1827","5993","82","11","2021-04-14 19:06:40.884"
"1828","6014","81","263","2021-04-14 19:06:40.890"
"1829","6016","81","43","2021-04-14 19:06:40.890"
"1830","6017","81","107","2021-04-14 19:06:40.890"
"1831","6011","80","34","2021-04-14 19:06:40.890"
"1832","5981","79","74","2021-04-14 19:06:40.890"
"1833","5988","79","92","2021-04-14 19:06:40.890"
"1834","5988","79","78","2021-04-14 19:06:40.893"
"1835","6007","79","52","2021-04-14 19:06:40.893"
"1836","5958","78","2","2021-04-14 19:06:40.893"
"1837","5966","78","277","2021-04-14 19:06:40.893"
"1838","5966","78","75","2021-04-14 19:06:40.898"
"1839","6028","80","22","2021-04-14 19:06:40.924"
"1840","6032","80","36","2021-04-14 19:06:40.924"
"1841","6026","81","21","2021-04-14 19:06:40.924"
"1842","5993","82","13","2021-04-14 19:06:40.924"
"1843","5996","82","29","2021-04-14 19:06:40.924"
"1844","6015","82","38","2021-04-14 19:06:40.924"
"1845","5959","83","60","2021-04-14 19:06:40.924"
"1846","6035","79","94","2021-04-14 19:06:40.926"
"1847","6019","78","32","2021-04-14 19:06:40.926"
"1848","6031","78","33","2021-04-14 19:06:40.926"
"1849","5959","83","93","2021-04-14 19:06:40.953"
"1850","6050","80","29","2021-04-14 19:06:40.971"
"1851","6052","80","60","2021-04-14 19:06:40.971"
"1852","6055","80","22","2021-04-14 19:06:40.971"
"1853","6056","80","29","2021-04-14 19:06:40.971"
"1854","6072","78","58","2021-04-14 19:06:40.997"
"1855","6078","79","21","2021-04-14 19:06:41.012"
"1856","6082","79","104","2021-04-14 19:06:41.012"
"1857","6106","72","39","2021-04-14 19:06:41.055"
"1858","6105","71","21","2021-04-14 19:06:41.055"
"1859","6096","78","37","2021-04-14 19:06:41.061"
"1860","6095","79","28","2021-04-14 19:06:41.061"
"1861","6107","79","24","2021-04-14 19:06:41.061"
"1862","6111","79","262","2021-04-14 19:06:41.061"
"1863","6105","71","97","2021-04-14 19:06:41.075"
"1864","6105","71","240","2021-04-14 19:06:41.083"
"1865","6136","73","32","2021-04-14 19:06:41.106"
"1866","6135","72","61","2021-04-14 19:06:41.106"
"1867","6105","71","728","2021-04-14 19:06:41.106"
"1868","6110","71","68","2021-04-14 19:06:41.106"
"1869","6112","71","27","2021-04-14 19:06:41.106"
"1870","6114","71","22","2021-04-14 19:06:41.106"
"1871","6120","70","23","2021-04-14 19:06:41.106"
"1872","6123","70","25","2021-04-14 19:06:41.106"
"1873","6154","72","22","2021-04-14 19:06:41.140"
"1874","6153","73","44","2021-04-14 19:06:41.140"
"1875","6150","74","50","2021-04-14 19:06:41.140"
"1876","6174","73","39","2021-04-14 19:06:41.199"
"1877","6150","74","103","2021-04-14 19:06:41.199"
"1878","6158","74","62","2021-04-14 19:06:41.199"
"1879","6162","74","55","2021-04-14 19:06:41.199"
"1880","6145","75","2","2021-04-14 19:06:41.199"
"1881","6190","71","25","2021-04-14 19:06:41.231"
"1882","6187","70","22","2021-04-14 19:06:41.231"
"1883","6192","70","25","2021-04-14 19:06:41.231"
"1884","6189","69","17","2021-04-14 19:06:41.231"
"1885","6185","76","55","2021-04-14 19:06:41.241"
"1886","6189","69","75","2021-04-14 19:06:41.246"
"1887","6189","69","144","2021-04-14 19:06:41.266"
"1888","6202","74","41","2021-04-14 19:06:41.268"
"1889","6201","75","24","2021-04-14 19:06:41.268"
"1890","6208","69","89","2021-04-14 19:06:41.273"
"1891","6180","68","41","2021-04-14 19:06:41.273"
"1892","6232","63","77","2021-04-14 19:06:41.311"
"1893","6231","62","2","2021-04-14 19:06:41.311"
"1894","6256","67","49","2021-04-14 19:06:41.346"
"1895","6255","68","29","2021-04-14 19:06:41.346"
"1896","6249","69","21","2021-04-14 19:06:41.346"
"1897","6241","70","23","2021-04-14 19:06:41.346"
"1898","6252","70","23","2021-04-14 19:06:41.346"
"1899","6258","74","77","2021-04-14 19:06:41.355"
"1900","6258","74","67","2021-04-14 19:06:41.357"
"1901","6259","67","39","2021-04-14 19:06:41.372"
"1902","6251","66","23","2021-04-14 19:06:41.372"
"1903","6248","65","2","2021-04-14 19:06:41.372"
"1904","6287","72","27","2021-04-14 19:06:41.412"
"1905","6290","67","116","2021-04-14 19:06:41.414"
"1906","6300","71","39","2021-04-14 19:06:41.427"
"1907","6299","72","23","2021-04-14 19:06:41.427"
"1908","6299","72","23","2021-04-14 19:06:41.430"
"1909","6308","75","39","2021-04-14 19:06:41.445"
"1910","6307","76","40","2021-04-14 19:06:41.445"
"1911","6296","66","29","2021-04-14 19:06:41.446"
"1912","6306","66","28","2021-04-14 19:06:41.446"
"1913","6281","65","42","2021-04-14 19:06:41.447"
"1914","6283","65","79","2021-04-14 19:06:41.447"
"1915","6250","64","33","2021-04-14 19:06:41.447"
"1916","6278","64","72","2021-04-14 19:06:41.447"
"1917","6280","63","5","2021-04-14 19:06:41.447"
"1918","6320","61","28","2021-04-14 19:06:41.468"
"1919","6324","67","24","2021-04-14 19:06:41.475"
"1920","6323","68","23","2021-04-14 19:06:41.475"
"1921","6325","68","25","2021-04-14 19:06:41.475"
"1922","6329","68","26","2021-04-14 19:06:41.475"
"1923","6318","69","23","2021-04-14 19:06:41.475"
"1924","6327","63","70","2021-04-14 19:06:41.486"
"1925","6341","67","37","2021-04-14 19:06:41.495"
"1926","6343","67","239","2021-04-14 19:06:41.511"
"1927","6348","68","40","2021-04-14 19:06:41.511"
"1928","6350","68","25","2021-04-14 19:06:41.511"
"1929","6351","68","31","2021-04-14 19:06:41.511"
"1930","6332","69","26","2021-04-14 19:06:41.511"
"1931","6364","60","40","2021-04-14 19:06:41.529"
"1932","6354","59","67","2021-04-14 19:06:41.529"
"1933","6359","59","137","2021-04-14 19:06:41.529"
"1934","6374","61","175","2021-04-14 19:06:41.590"
"1935","6374","61","34","2021-04-14 19:06:41.609"
"1936","6382","61","32","2021-04-14 19:06:41.609"
"1937","6385","61","13","2021-04-14 19:06:41.609"
"1938","6409","60","22","2021-04-14 19:06:41.648"
"1939","6411","60","52","2021-04-14 19:06:41.648"
"1940","6403","59","8","2021-04-14 19:06:41.648"
"1941","6395","57","49","2021-04-14 19:06:41.667"
"1942","6399","57","10","2021-04-14 19:06:41.667"
"1943","6440","61","110","2021-04-14 19:06:41.702"
"1944","6443","60","51","2021-04-14 19:06:41.705"
"1945","6435","59","8","2021-04-14 19:06:41.705"
"1946","6435","59","87","2021-04-14 19:06:41.706"
"1947","6446","59","45","2021-04-14 19:06:41.706"
"1948","6432","58","73","2021-04-14 19:06:41.706"
"1949","6399","57","29","2021-04-14 19:06:41.706"
"1950","6450","59","79","2021-04-14 19:06:41.727"
"1951","6449","60","22","2021-04-14 19:06:41.727"
"1952","6451","60","208","2021-04-14 19:06:41.727"
"1953","6456","53","84","2021-04-14 19:06:41.729"
"1954","6453","52","27","2021-04-14 19:06:41.729"
"1955","6457","52","130","2021-04-14 19:06:41.729"
"1956","6451","60","187","2021-04-14 19:06:41.733"
"1957","6451","60","53","2021-04-14 19:06:41.759"
"1958","6451","60","56","2021-04-14 19:06:41.763"
"1959","6451","60","87","2021-04-14 19:06:41.766"
"1960","6451","60","88","2021-04-14 19:06:41.769"
"1961","6498","60","32","2021-04-14 19:06:41.815"
"1962","6441","61","26","2021-04-14 19:06:41.815"
"1963","6505","60","117","2021-04-14 19:06:41.834"
"1964","6508","60","65","2021-04-14 19:06:41.834"
"1965","6509","60","20","2021-04-14 19:06:41.834"
"1966","6512","60","133","2021-04-14 19:06:41.834"
"1967","6461","61","35","2021-04-14 19:06:41.834"
"1968","6469","61","29","2021-04-14 19:06:41.834"
"1969","6477","61","59","2021-04-14 19:06:41.834"
"1970","6478","61","520","2021-04-14 19:06:41.834"
"1971","6493","58","31","2021-04-14 19:06:41.846"
"1972","6500","58","74","2021-04-14 19:06:41.846"
"1973","6511","58","72","2021-04-14 19:06:41.846"
"1974","6488","57","53","2021-04-14 19:06:41.846"
"1975","6485","56","26","2021-04-14 19:06:41.846"
"1976","6480","55","21","2021-04-14 19:06:41.846"
"1977","6475","54","78","2021-04-14 19:06:41.846"
"1978","6471","53","46","2021-04-14 19:06:41.846"
"1979","6516","60","81","2021-04-14 19:06:41.856"
"1980","6526","60","24","2021-04-14 19:06:41.856"
"1981","6496","62","29","2021-04-14 19:06:41.856"
"1982","6521","59","46","2021-04-14 19:06:41.861"
"1983","6523","59","392","2021-04-14 19:06:41.861"
"1984","6539","54","34","2021-04-14 19:06:41.879"
"1985","6548","45","22","2021-04-14 19:06:41.886"
"1986","6547","44","42","2021-04-14 19:06:41.886"
"1987","6551","53","51","2021-04-14 19:06:41.889"
"1988","6549","44","22","2021-04-14 19:06:41.900"
"1989","6559","52","22","2021-04-14 19:06:41.917"
"1990","6572","52","36","2021-04-14 19:06:41.917"
"1991","6551","53","40","2021-04-14 19:06:41.917"
"1992","6587","49","26","2021-04-14 19:06:41.943"
"1993","6585","48","24","2021-04-14 19:06:41.943"
"1994","6588","48","3","2021-04-14 19:06:41.943"
"1995","6597","52","68","2021-04-14 19:06:41.967"
"1996","6600","52","57","2021-04-14 19:06:41.967"
"1997","6600","52","55","2021-04-14 19:06:41.968"
"1998","6626","48","57","2021-04-14 19:06:42.014"
"1999","6577","54","79","2021-04-14 19:06:42.018"
"2000","6577","54","88","2021-04-14 19:06:42.024"
"2001","6634","51","29","2021-04-14 19:06:42.209"
"2002","6639","51","35","2021-04-14 19:06:42.209"
