"OrderId","ClientOrderId","Price","Volume","DateTime"
"1","7","1000","27","2021-04-15 18:44:06.877"
"2","4","1001","77","2021-04-15 18:44:06.878"
"3","20","999","28","2021-04-15 18:44:24.295"
"4","23","999","85","2021-04-15 18:44:24.295"
"5","26","999","35","2021-04-15 18:44:24.295"
"6","15","998","17","2021-04-15 18:44:24.295"
"7","40","999","40","2021-04-15 18:44:25.415"
"8","30","1000","32","2021-04-15 18:44:25.415"
"9","15","998","69","2021-04-15 18:44:28.465"
"10","22","998","11","2021-04-15 18:44:28.465"
"11","22","998","23","2021-04-15 18:44:37.702"
"12","25","998","131","2021-04-15 18:44:37.702"
"13","27","998","28","2021-04-15 18:44:37.702"
"14","29","998","48","2021-04-15 18:44:37.702"
"15","45","999","45","2021-04-15 18:44:42.993"
"16","50","999","5","2021-04-15 18:44:42.993"
"17","60","998","118","2021-04-15 18:45:48.595"
"18","60","998","76","2021-04-15 18:45:55.634"
"19","50","999","31","2021-04-15 18:45:57.972"
"20","63","999","75","2021-04-15 18:45:57.972"
"21","63","999","60","2021-04-15 18:46:54.042"
"22","66","999","2","2021-04-15 18:46:54.042"
"23","60","998","222","2021-04-15 18:47:13.339"
"24","83","998","31","2021-04-15 18:47:13.339"
"25","95","998","23","2021-04-15 18:47:13.339"
"26","105","998","42","2021-04-15 18:47:13.339"
"27","107","998","67","2021-04-15 18:47:13.339"
"28","107","998","53","2021-04-15 18:47:21.236"
"29","66","999","71","2021-04-15 18:47:24.131"
"30","67","999","20","2021-04-15 18:47:24.131"
"31","116","999","77","2021-04-15 18:47:24.131"
"32","107","998","36","2021-04-15 18:47:38.279"
"33","114","998","22","2021-04-15 18:47:38.280"
"34","121","998","11","2021-04-15 18:47:38.280"
"35","121","998","57","2021-04-15 18:47:46.833"
"36","116","999","91","2021-04-15 18:47:56.857"
"37","118","999","31","2021-04-15 18:47:56.857"
"38","128","999","26","2021-04-15 18:47:56.857"
"39","121","998","160","2021-04-15 18:48:09.354"
"40","126","998","29","2021-04-15 18:48:09.354"
"41","141","998","44","2021-04-15 18:48:09.354"
"42","155","998","37","2021-04-15 18:48:09.354"
"43","161","998","31","2021-04-15 18:48:09.354"
"44","166","998","58","2021-04-15 18:48:09.354"
"45","128","999","27","2021-04-15 18:49:33.744"
"46","135","999","32","2021-04-15 18:49:33.744"
"47","135","999","2","2021-04-15 18:49:35.047"
"48","137","999","61","2021-04-15 18:49:35.047"
"49","138","999","43","2021-04-15 18:49:35.047"
"50","142","999","21","2021-04-15 18:49:35.047"
"51","157","999","65","2021-04-15 18:49:35.047"
"52","171","999","23","2021-04-15 18:49:35.047"
"53","187","999","30","2021-04-15 18:49:35.047"
"54","190","999","46","2021-04-15 18:49:35.047"
"55","199","999","54","2021-04-15 18:49:35.047"
"56","84","1000","32","2021-04-15 18:49:35.047"
"57","111","1000","10","2021-04-15 18:49:35.047"
"58","111","1000","37","2021-04-15 18:49:39.522"
"59","131","1000","24","2021-04-15 18:49:39.523"
"60","132","1000","21","2021-04-15 18:49:39.523"
"61","154","1000","125","2021-04-15 18:49:39.523"
"62","169","1000","6","2021-04-15 18:49:39.523"
"63","166","998","100","2021-04-15 18:49:43.660"
"64","166","998","56","2021-04-15 18:49:46.721"
"65","166","998","65","2021-04-15 18:49:51.841"
"66","179","1000","175","2021-04-15 18:49:55.797"
"67","179","1000","754","2021-04-15 18:50:30.411"
"68","248","1000","32","2021-04-15 18:50:30.411"
"69","255","1000","30","2021-04-15 18:50:30.411"
"70","250","1001","22","2021-04-15 18:50:30.411"
"71","223","999","23","2021-04-15 18:50:45.102"
"72","227","999","47","2021-04-15 18:50:45.102"
"73","227","999","118","2021-04-15 18:50:53.175"
"74","247","999","81","2021-04-15 18:50:53.175"
"75","273","1002","51","2021-04-15 18:51:05.402"
"76","270","1000","31","2021-04-15 18:51:13.956"
"77","247","999","15","2021-04-15 18:51:13.956"
"78","249","999","81","2021-04-15 18:51:13.956"
"79","280","1001","71","2021-04-15 18:51:24.900"
"80","280","1001","102","2021-04-15 18:52:04.176"
"81","286","1001","50","2021-04-15 18:52:04.176"
"82","285","1000","60","2021-04-15 18:52:12.464"
"83","286","1001","2","2021-04-15 18:52:23.514"
"84","294","1002","51","2021-04-15 18:52:23.514"
"85","294","1002","174","2021-04-15 18:52:40.127"
"86","336","1001","34","2021-04-15 18:52:57.681"
"87","285","1000","23","2021-04-15 18:52:57.681"
"88","288","1000","11","2021-04-15 18:52:57.681"
"89","341","1001","84","2021-04-15 18:53:00.969"
"90","288","1000","30","2021-04-15 18:53:00.969"
"91","294","1002","81","2021-04-15 18:53:07.618"
"92","294","1002","94","2021-04-15 18:53:12.882"
"93","294","1002","81","2021-04-15 18:53:17.732"
"94","294","1002","105","2021-04-15 18:53:19.642"
"95","306","1002","31","2021-04-15 18:53:19.642"
"96","312","1002","22","2021-04-15 18:53:19.642"
"97","346","1001","38","2021-04-15 18:53:20.686"
"98","351","1001","53","2021-04-15 18:53:20.686"
"99","355","1001","26","2021-04-15 18:53:20.686"
"100","356","1001","111","2021-04-15 18:53:20.686"
"101","359","1001","40","2021-04-15 18:53:20.686"
"102","363","1001","22","2021-04-15 18:53:20.686"
"103","365","1001","26","2021-04-15 18:53:20.686"
"104","371","1001","48","2021-04-15 18:53:20.686"
"105","288","1000","19","2021-04-15 18:53:20.686"
"106","297","1000","28","2021-04-15 18:53:20.686"
"107","304","1000","49","2021-04-15 18:53:20.686"
"108","310","1000","23","2021-04-15 18:53:20.686"
"109","354","1000","60","2021-04-15 18:53:20.686"
"110","361","1000","21","2021-04-15 18:53:20.686"
"111","251","999","51","2021-04-15 18:53:20.686"
"112","254","999","27","2021-04-15 18:53:20.686"
"113","276","999","43","2021-04-15 18:53:20.686"
"114","329","999","45","2021-04-15 18:53:20.686"
"115","343","999","95","2021-04-15 18:53:20.686"
"116","146","997","21","2021-04-15 18:53:20.686"
"117","208","997","57","2021-04-15 18:53:20.686"
"118","209","997","22","2021-04-15 18:53:20.686"
"119","312","1002","54","2021-04-15 18:53:22.362"
"120","403","999","77","2021-04-15 18:53:55.802"
"121","403","999","55","2021-04-15 18:54:13.285"
"122","427","1000","23","2021-04-15 18:54:13.757"
"123","408","1002","20","2021-04-15 18:54:13.757"
"124","416","1002","23","2021-04-15 18:54:13.758"
"125","439","1000","41","2021-04-15 18:54:46.299"
"126","442","1000","44","2021-04-15 18:54:46.299"
"127","403","999","3","2021-04-15 18:54:46.299"
"128","410","999","14","2021-04-15 18:54:46.299"
"129","410","999","17","2021-04-15 18:54:48.916"
"130","421","999","35","2021-04-15 18:54:48.916"
"131","430","999","35","2021-04-15 18:54:48.916"
"132","382","998","22","2021-04-15 18:54:48.916"
"133","394","998","22","2021-04-15 18:54:48.916"
"134","454","1000","21","2021-04-15 18:55:04.211"
"135","460","1000","26","2021-04-15 18:55:04.211"
"136","452","999","21","2021-04-15 18:55:04.211"
"137","459","999","14","2021-04-15 18:55:04.211"
"138","457","1001","75","2021-04-15 18:55:11.786"
"139","417","1002","107","2021-04-15 18:55:11.787"
"140","450","1002","61","2021-04-15 18:55:11.787"
"141","467","1002","45","2021-04-15 18:55:11.787"
"142","321","1003","29","2021-04-15 18:55:11.787"
"143","373","1003","4923","2021-04-15 18:55:11.787"
"144","373","1003","52","2021-04-15 18:55:13.452"
"145","480","1001","41","2021-04-15 18:55:28.455"
"146","479","1002","10","2021-04-15 18:55:28.455"
"147","479","1002","19","2021-04-15 18:55:39.908"
"148","401","1003","22","2021-04-15 18:55:39.908"
"149","471","1004","66","2021-04-15 18:55:39.908"
"150","477","1004","400","2021-04-15 18:55:39.908"
"151","477","1004","55","2021-04-15 18:56:04.399"
"152","484","1001","36","2021-04-15 18:56:13.803"
"153","482","1000","59","2021-04-15 18:56:13.803"
"154","489","1000","38","2021-04-15 18:56:13.803"
"155","459","999","24","2021-04-15 18:56:13.803"
"156","473","998","2","2021-04-15 18:56:13.803"
"157","473","998","53","2021-04-15 18:56:21.613"
"158","495","997","34","2021-04-15 18:56:21.613"
"159","503","1003","44","2021-04-15 18:56:35.074"
"160","478","1004","32","2021-04-15 18:56:35.074"
"161","501","999","91","2021-04-15 18:56:35.816"
"162","505","999","41","2021-04-15 18:56:35.816"
"163","500","998","299","2021-04-15 18:56:35.816"
"164","497","997","10","2021-04-15 18:56:35.816"
"165","508","996","66","2021-04-15 18:56:40.615"
"166","512","995","25","2021-04-15 18:56:44.124"
"167","522","994","100","2021-04-15 18:56:44.124"
"168","478","1004","72","2021-04-15 18:56:45.140"
"169","535","997","22","2021-04-15 18:56:52.123"
"170","478","1004","22","2021-04-15 18:56:59.794"
"171","547","1004","28","2021-04-15 18:56:59.794"
"172","486","1005","32","2021-04-15 18:56:59.794"
"173","540","1005","23","2021-04-15 18:56:59.794"
"174","546","999","42","2021-04-15 18:57:00.575"
"175","545","998","31","2021-04-15 18:57:00.575"
"176","551","998","49","2021-04-15 18:57:00.575"
"177","554","997","56","2021-04-15 18:57:05.323"
"178","558","996","48","2021-04-15 18:57:05.323"
"179","561","997","35","2021-04-15 18:57:07.266"
"180","555","998","29","2021-04-15 18:57:07.266"
"181","563","996","25","2021-04-15 18:57:08.696"
"182","567","996","70","2021-04-15 18:57:08.991"
"183","567","996","18","2021-04-15 18:57:09.048"
"184","557","998","51","2021-04-15 18:57:09.946"
"185","572","994","57","2021-04-15 18:57:10.646"
"186","576","1001","43","2021-04-15 18:57:14.441"
"187","572","994","59","2021-04-15 18:57:28.320"
"188","603","994","165","2021-04-15 18:58:17.624"
"189","624","995","24","2021-04-15 18:58:52.599"
"190","593","997","28","2021-04-15 18:58:52.599"
"191","601","997","40","2021-04-15 18:58:52.599"
"192","586","998","26","2021-04-15 18:59:06.441"
"193","584","999","24","2021-04-15 18:59:06.441"
"194","635","999","32","2021-04-15 18:59:06.441"
"195","603","994","60","2021-04-15 18:59:07.389"
"196","635","999","98","2021-04-15 18:59:10.310"
"197","603","994","77","2021-04-15 18:59:13.933"
"198","656","996","20","2021-04-15 18:59:25.940"
"199","654","997","31","2021-04-15 18:59:25.940"
"200","654","997","97","2021-04-15 18:59:38.248"
"201","651","998","69","2021-04-15 18:59:38.248"
"202","662","998","75","2021-04-15 18:59:38.248"
"203","664","998","25","2021-04-15 18:59:38.248"
"204","652","995","23","2021-04-15 18:59:52.589"
"205","665","995","23","2021-04-15 18:59:52.589"
"206","603","994","47","2021-04-15 18:59:52.589"
"207","689","1002","33","2021-04-15 19:00:11.806"
"208","686","1003","30","2021-04-15 19:00:11.806"
"209","686","1003","51","2021-04-15 19:00:15.777"
"210","694","1004","20","2021-04-15 19:00:15.777"
"211","701","1005","51","2021-04-15 19:00:19.145"
"212","603","994","940","2021-04-15 19:00:24.099"
"213","614","994","366","2021-04-15 19:00:24.099"
"214","621","994","42","2021-04-15 19:00:24.099"
"215","673","994","62","2021-04-15 19:00:24.099"
"216","674","994","30","2021-04-15 19:00:24.099"
"217","696","994","361","2021-04-15 19:00:24.099"
"218","709","997","51","2021-04-15 19:00:26.279"
"219","709","997","362","2021-04-15 19:00:26.527"
"220","707","998","23","2021-04-15 19:00:26.527"
"221","711","998","57","2021-04-15 19:00:26.527"
"222","696","994","219","2021-04-15 19:00:29.448"
"223","727","995","48","2021-04-15 19:00:31.369"
"224","696","994","4","2021-04-15 19:00:31.369"
"225","696","994","388","2021-04-15 19:00:31.924"
"226","733","1000","24","2021-04-15 19:00:33.293"
"227","741","996","31","2021-04-15 19:00:40.490"
"228","744","996","35","2021-04-15 19:00:40.490"
"229","740","995","62","2021-04-15 19:00:40.490"
"230","754","1000","138","2021-04-15 19:00:53.122"
"231","757","996","25","2021-04-15 19:00:59.100"
"232","740","995","10","2021-04-15 19:00:59.100"
"233","742","995","39","2021-04-15 19:00:59.100"
"234","743","995","22","2021-04-15 19:00:59.100"
"235","760","995","54","2021-04-15 19:00:59.100"
"236","696","994","23","2021-04-15 19:00:59.100"
"237","696","994","133","2021-04-15 19:00:59.942"
"238","696","994","4328","2021-04-15 19:01:04.958"
"239","774","997","22","2021-04-15 19:01:10.441"
"240","766","998","98","2021-04-15 19:01:10.441"
"241","777","998","27","2021-04-15 19:01:10.441"
"242","761","999","1","2021-04-15 19:01:10.441"
"243","776","994","48","2021-04-15 19:01:12.136"
"244","610","993","23","2021-04-15 19:01:12.137"
"245","786","988","48","2021-04-15 19:02:15.005"
"246","782","998","133","2021-04-15 19:02:20.539"
"247","790","998","70","2021-04-15 19:02:41.265"
"248","817","996","35","2021-04-15 19:03:19.313"
"249","790","998","20","2021-04-15 19:03:19.313"
"250","761","999","46","2021-04-15 19:03:19.313"
"251","765","1000","21","2021-04-15 19:03:19.313"
"252","824","994","91","2021-04-15 19:03:27.695"
"253","810","993","22","2021-04-15 19:03:27.695"
"254","813","993","11","2021-04-15 19:03:27.695"
"255","833","999","29","2021-04-15 19:03:36.856"
"256","765","1000","139","2021-04-15 19:03:36.856"
"257","827","1001","53","2021-04-15 19:03:36.856"
"258","828","1001","27","2021-04-15 19:03:36.856"
"259","829","1001","31","2021-04-15 19:03:36.856"
"260","831","1001","82","2021-04-15 19:03:36.856"
"261","854","1002","48","2021-04-15 19:04:05.374"
"262","855","1002","8","2021-04-15 19:04:05.374"
"263","855","1002","30","2021-04-15 19:04:06.584"
"264","861","1002","32","2021-04-15 19:04:06.584"
"265","861","1002","17","2021-04-15 19:04:07.334"
"266","856","1001","33","2021-04-15 19:04:07.334"
"267","862","1001","15","2021-04-15 19:04:07.334"
"268","868","1002","54","2021-04-15 19:04:27.257"
"269","877","1002","63","2021-04-15 19:04:37.021"
"270","878","1002","40","2021-04-15 19:04:37.021"
"271","879","1002","67","2021-04-15 19:04:37.021"
"272","858","1003","43","2021-04-15 19:04:37.021"
"273","860","1003","247","2021-04-15 19:04:37.021"
"274","871","1003","48","2021-04-15 19:04:37.021"
"275","874","1004","51","2021-04-15 19:04:37.021"
"276","883","1002","32","2021-04-15 19:04:40.955"
"277","862","1001","7","2021-04-15 19:04:40.955"
"278","893","1005","43","2021-04-15 19:04:55.889"
"279","894","1005","66","2021-04-15 19:04:55.889"
"280","900","1006","25","2021-04-15 19:04:55.889"
"281","901","1006","48","2021-04-15 19:04:55.889"
"282","902","1006","12","2021-04-15 19:04:55.889"
"283","918","1005","76","2021-04-15 19:05:32.022"
"284","918","1005","16","2021-04-15 19:05:58.942"
"285","927","1006","60","2021-04-15 19:05:58.942"
"286","910","1007","39","2021-04-15 19:05:58.942"
"287","909","1003","128","2021-04-15 19:06:10.527"
"288","938","1004","22","2021-04-15 19:06:14.208"
"289","954","1012","25","2021-04-15 19:06:16.378"
"290","932","1002","27","2021-04-15 19:06:22.161"
"291","967","1001","33","2021-04-15 19:06:22.161"
"292","966","1003","54","2021-04-15 19:06:28.605"
"293","960","1004","36","2021-04-15 19:06:28.605"
"294","972","1004","47","2021-04-15 19:06:28.605"
"295","978","1004","27","2021-04-15 19:06:28.605"
"296","978","1004","42","2021-04-15 19:06:29.417"
"297","991","1003","61","2021-04-15 19:06:33.749"
"298","987","1002","13","2021-04-15 19:06:33.749"
"299","1000","1009","43","2021-04-15 19:06:35.703"
"300","1006","1001","38","2021-04-15 19:06:40.557"
"301","1013","1011","37","2021-04-15 19:06:46.042"
"302","1002","1012","24","2021-04-15 19:06:46.042"
"303","1005","1012","40","2021-04-15 19:06:46.042"
"304","1023","1005","22","2021-04-15 19:07:18.386"
"305","1019","1004","39","2021-04-15 19:07:18.386"
"306","1032","1010","64","2021-04-15 19:07:21.952"
"307","1022","1011","186","2021-04-15 19:07:21.952"
"308","1014","1012","27","2021-04-15 19:07:21.952"
"309","1029","1012","24","2021-04-15 19:07:21.952"
"310","1040","1004","58","2021-04-15 19:07:50.840"
"311","1020","1003","32","2021-04-15 19:07:50.840"
"312","1041","1003","35","2021-04-15 19:07:50.840"
"313","1042","1003","21","2021-04-15 19:07:50.840"
"314","1044","1003","25","2021-04-15 19:07:50.840"
"315","1018","1002","41","2021-04-15 19:07:50.840"
"316","1055","1004","23","2021-04-15 19:08:14.131"
"317","1058","1005","75","2021-04-15 19:08:14.131"
"318","1058","1005","61","2021-04-15 19:08:27.262"
"319","1059","1002","78","2021-04-15 19:08:31.270"
"320","1078","1003","43","2021-04-15 19:08:49.545"
"321","1065","1002","22","2021-04-15 19:08:49.545"
"322","1079","1002","14","2021-04-15 19:08:49.545"
"323","1087","1004","22","2021-04-15 19:08:56.892"
"324","1083","1003","22","2021-04-15 19:08:56.892"
"325","1079","1002","29","2021-04-15 19:08:56.892"
"326","1076","1001","43","2021-04-15 19:08:56.892"
"327","1056","1000","88","2021-04-15 19:08:56.892"
"328","1096","1004","52","2021-04-15 19:09:40.276"
"329","1058","1005","9","2021-04-15 19:09:40.276"
"330","1060","1005","44","2021-04-15 19:09:40.276"
"331","1103","1004","34","2021-04-15 19:09:43.716"
"332","1099","1003","19","2021-04-15 19:09:43.716"
"333","1060","1005","19","2021-04-15 19:09:43.743"
"334","1073","1005","22","2021-04-15 19:09:43.743"
"335","1075","1006","35","2021-04-15 19:09:43.743"
"336","1104","1006","39","2021-04-15 19:09:43.743"
"337","1099","1003","4","2021-04-15 19:09:47.101"
"338","1100","1003","25","2021-04-15 19:09:47.101"
"339","1098","1002","81","2021-04-15 19:09:47.101"
"340","1101","1002","72","2021-04-15 19:09:47.101"
"341","1091","1001","132","2021-04-15 19:09:47.101"
"342","1056","1000","61","2021-04-15 19:09:47.101"
"343","1092","1000","63","2021-04-15 19:09:47.101"
"344","1052","999","25","2021-04-15 19:09:47.101"
"345","1111","1009","24","2021-04-15 19:09:50.345"
"346","1113","1009","30","2021-04-15 19:09:50.345"
"347","1112","1008","280","2021-04-15 19:09:56.517"
"348","1129","1005","53","2021-04-15 19:10:24.705"
"349","1132","1004","29","2021-04-15 19:10:24.705"
"350","1134","1004","308","2021-04-15 19:10:24.705"
"351","1126","1013","22","2021-04-15 19:10:26.724"
"352","1136","1013","37","2021-04-15 19:10:26.724"
"353","1157","1011","24","2021-04-15 19:10:47.114"
"354","1161","1011","215","2021-04-15 19:10:47.114"
"355","1146","1012","61","2021-04-15 19:10:52.547"
"356","1169","1012","23","2021-04-15 19:10:52.547"
"357","1159","1010","52","2021-04-15 19:10:57.255"
"358","1159","1010","229","2021-04-15 19:10:57.278"
"359","1160","1010","33","2021-04-15 19:10:57.278"
"360","1162","1010","36","2021-04-15 19:10:57.278"
"361","1158","1009","44","2021-04-15 19:10:57.278"
"362","1163","1009","51","2021-04-15 19:10:57.278"
"363","1175","1012","30","2021-04-15 19:11:11.030"
"364","1177","1012","144","2021-04-15 19:11:11.030"
"365","1178","1012","30","2021-04-15 19:11:11.030"
"366","1186","1012","359","2021-04-15 19:11:11.030"
"367","1186","1012","98","2021-04-15 19:11:14.685"
"368","1186","1012","202","2021-04-15 19:11:19.107"
"369","1185","1011","28","2021-04-15 19:11:19.920"
"370","1216","1010","23","2021-04-15 19:11:19.920"
"371","1248","1009","65","2021-04-15 19:11:49.951"
"372","1262","1002","108","2021-04-15 19:12:06.070"
"373","1246","1010","79","2021-04-15 19:12:50.286"
"374","1246","1010","259","2021-04-15 19:12:52.692"
"375","1284","999","25","2021-04-15 19:12:53.129"
"376","1278","998","23","2021-04-15 19:12:53.129"
"377","1279","997","155","2021-04-15 19:12:53.129"
"378","1279","997","56","2021-04-15 19:12:57.082"
"379","1250","1010","26","2021-04-15 19:13:07.252"
"380","1263","1010","34","2021-04-15 19:13:07.252"
"381","1316","1000","20","2021-04-15 19:13:48.943"
"382","1309","999","35","2021-04-15 19:13:48.943"
"383","1302","1007","36","2021-04-15 19:13:51.070"
"384","1306","1007","38","2021-04-15 19:13:51.070"
"385","1313","1008","30","2021-04-15 19:13:51.070"
"386","1308","998","40","2021-04-15 19:13:59.841"
"387","1319","998","140","2021-04-15 19:13:59.841"
"388","1296","997","129","2021-04-15 19:13:59.841"
"389","1322","997","51","2021-04-15 19:13:59.841"
"390","1321","1009","85","2021-04-15 19:14:05.851"
"391","1263","1010","258","2021-04-15 19:14:05.851"
"392","1239","1011","56","2021-04-15 19:14:05.852"
"393","1255","1011","20","2021-04-15 19:14:05.852"
"394","1258","1011","29","2021-04-15 19:14:05.852"
"395","1259","1011","28","2021-04-15 19:14:05.852"
"396","1285","1011","176","2021-04-15 19:14:05.852"
"397","1291","1011","221","2021-04-15 19:14:05.852"
"398","1201","1012","21","2021-04-15 19:14:05.852"
"399","1212","1013","48","2021-04-15 19:14:05.852"
"400","1325","1007","109","2021-04-15 19:14:06.340"
"401","1338","1006","56","2021-04-15 19:14:15.542"
"402","1354","1013","288","2021-04-15 19:14:25.884"
"403","1338","1006","20","2021-04-15 19:14:28.973"
"404","1342","1005","30","2021-04-15 19:14:28.973"
"405","1365","1006","81","2021-04-15 19:14:44.520"
"406","1365","1006","14","2021-04-15 19:14:45.463"
"407","1342","1005","28","2021-04-15 19:14:45.463"
"408","1353","1005","1164","2021-04-15 19:14:45.463"
"409","1368","1011","21","2021-04-15 19:14:46.303"
"410","1364","1012","124","2021-04-15 19:14:46.303"
"411","1353","1005","61","2021-04-15 19:15:05.155"
"412","1353","1005","50","2021-04-15 19:15:10.859"
"413","1353","1005","77","2021-04-15 19:15:12.354"
"414","1387","1004","51","2021-04-15 19:15:21.588"
"415","1385","1003","20","2021-04-15 19:15:21.588"
"416","1390","1009","23","2021-04-15 19:15:33.124"
"417","1376","1010","26","2021-04-15 19:15:33.124"
"418","1375","1011","44","2021-04-15 19:15:33.124"
"419","1418","1004","25","2021-04-15 19:15:57.733"
"420","1416","1003","27","2021-04-15 19:15:57.733"
"421","1423","1008","36","2021-04-15 19:15:58.312"
"422","1419","1009","24","2021-04-15 19:15:58.312"
"423","1416","1003","15","2021-04-15 19:15:58.864"
"424","1399","1002","39","2021-04-15 19:15:58.864"
"425","1392","1001","33","2021-04-15 19:15:58.864"
"426","1411","1001","20","2021-04-15 19:15:58.864"
"427","1412","1001","28","2021-04-15 19:15:58.864"
"428","1438","1009","61","2021-04-15 19:16:08.279"
"429","1439","1009","7","2021-04-15 19:16:08.279"
"430","1439","1009","13","2021-04-15 19:16:15.231"
"431","1447","1009","48","2021-04-15 19:16:15.231"
"432","1447","1009","55","2021-04-15 19:17:01.504"
"433","1461","1009","26","2021-04-15 19:17:34.568"
"434","1462","1009","29","2021-04-15 19:17:34.568"
"435","1462","1009","81","2021-04-15 19:17:36.351"
"436","1452","1008","83","2021-04-15 19:17:38.439"
"437","1462","1009","100","2021-04-15 19:17:49.676"
"438","1466","1009","29","2021-04-15 19:18:09.575"
"439","1478","1009","22","2021-04-15 19:18:09.575"
"440","1482","1009","21","2021-04-15 19:18:09.575"
"441","1529","1008","35","2021-04-15 19:18:14.315"
"442","1427","1007","22","2021-04-15 19:18:14.315"
"443","1430","1007","59","2021-04-15 19:18:14.315"
"444","1444","1007","41","2021-04-15 19:18:14.315"
"445","1482","1009","1","2021-04-15 19:18:14.745"
"446","1488","1009","29","2021-04-15 19:18:14.745"
"447","1492","1009","22","2021-04-15 19:18:14.745"
"448","1501","1009","44","2021-04-15 19:18:14.745"
"449","1515","1009","76","2021-04-15 19:18:14.745"
"450","1515","1009","32","2021-04-15 19:18:17.217"
"451","1456","1010","101","2021-04-15 19:18:17.217"
"452","1469","1010","24","2021-04-15 19:18:17.217"
"453","1471","1010","23","2021-04-15 19:18:17.217"
"454","1479","1010","8","2021-04-15 19:18:17.217"
"455","1479","1010","61","2021-04-15 19:18:17.275"
"456","1507","1010","34","2021-04-15 19:18:17.275"
"457","1511","1010","69","2021-04-15 19:18:17.275"
"458","1511","1010","88","2021-04-15 19:18:17.353"
"459","1523","1010","61","2021-04-15 19:18:17.353"
"460","1525","1010","92","2021-04-15 19:18:17.353"
"461","1532","1010","14","2021-04-15 19:18:17.353"
"462","1532","1010","47","2021-04-15 19:18:17.763"
"463","1400","1011","16","2021-04-15 19:18:17.763"
"464","1400","1011","64","2021-04-15 19:18:18.889"
"465","1547","1008","62","2021-04-15 19:18:20.837"
"466","1444","1007","5","2021-04-15 19:18:20.837"
"467","1561","1008","65","2021-04-15 19:18:28.790"
"468","1444","1007","4","2021-04-15 19:18:28.790"
"469","1444","1007","51","2021-04-15 19:18:30.078"
"470","1481","1007","101","2021-04-15 19:18:30.078"
"471","1513","1007","22","2021-04-15 19:18:30.078"
"472","1516","1007","70","2021-04-15 19:18:30.078"
"473","1517","1007","614","2021-04-15 19:18:30.078"
"474","1518","1007","52","2021-04-15 19:18:30.078"
"475","1563","1006","157","2021-04-15 19:18:30.078"
"476","1564","1006","34","2021-04-15 19:18:30.078"
"477","1551","1012","35","2021-04-15 19:18:30.716"
"478","1554","1012","31","2021-04-15 19:18:30.716"
"479","1586","1006","35","2021-04-15 19:18:47.924"
"480","1587","1009","33","2021-04-15 19:18:48.151"
"481","1582","1010","20","2021-04-15 19:18:48.151"
"482","1577","1011","24","2021-04-15 19:18:48.151"
"483","1554","1012","59","2021-04-15 19:18:48.151"
"484","1628","1009","20","2021-04-15 19:19:54.012"
"485","1625","1010","26","2021-04-15 19:19:54.012"
"486","1635","1018","68","2021-04-15 19:20:03.567"
"487","1647","1016","120","2021-04-15 19:21:10.653"
"488","1641","1017","36","2021-04-15 19:21:10.653"
"489","1641","1017","10","2021-04-15 19:21:16.385"
"490","1657","1017","23","2021-04-15 19:21:16.385"
"491","1635","1018","303","2021-04-15 19:21:16.385"
"492","1660","1011","103","2021-04-15 19:21:18.347"
"493","1674","1016","54","2021-04-15 19:21:24.288"
"494","1668","1017","32","2021-04-15 19:21:24.288"
"495","1635","1018","78","2021-04-15 19:21:24.288"
"496","1675","1013","20","2021-04-15 19:21:26.821"
"497","1699","1018","27","2021-04-15 19:21:35.638"
"498","1686","1017","122","2021-04-15 19:21:35.638"
"499","1685","1016","37","2021-04-15 19:21:35.638"
"500","1687","1016","125","2021-04-15 19:21:35.638"
"501","1701","1015","26","2021-04-15 19:21:40.033"
"502","1702","1015","24","2021-04-15 19:21:40.033"
"503","1690","1021","57","2021-04-15 19:21:40.527"
"504","1725","1023","80","2021-04-15 19:21:58.425"
"505","1718","1024","49","2021-04-15 19:21:58.425"
"506","1743","1020","52","2021-04-15 19:22:36.201"
"507","1722","1018","39","2021-04-15 19:22:40.860"
"508","1755","1018","18","2021-04-15 19:22:40.860"
"509","1755","1018","31","2021-04-15 19:22:41.367"
"510","1757","1018","24","2021-04-15 19:22:41.367"
"511","1740","1023","56","2021-04-15 19:22:45.814"
"512","1756","1024","54","2021-04-15 19:22:57.428"
"513","1758","1024","53","2021-04-15 19:22:57.428"
"514","1758","1024","2","2021-04-15 19:23:00.872"
"515","1759","1024","49","2021-04-15 19:23:00.872"
"516","1785","1023","65","2021-04-15 19:23:10.352"
"517","1759","1024","21","2021-04-15 19:23:10.352"
"518","1794","1025","106","2021-04-15 19:23:15.150"
"519","1803","1022","41","2021-04-15 19:23:31.311"
"520","1804","1023","140","2021-04-15 19:23:31.311"
"521","1852","1026","56","2021-04-15 19:23:58.012"
"522","1851","1025","48","2021-04-15 19:23:58.012"
"523","1846","1024","29","2021-04-15 19:23:58.012"
"524","1835","1023","27","2021-04-15 19:23:58.012"
"525","1848","1023","38","2021-04-15 19:23:58.012"
"526","1829","1022","21","2021-04-15 19:23:58.012"
"527","1836","1022","31","2021-04-15 19:23:58.012"
"528","1837","1022","27","2021-04-15 19:23:58.012"
"529","1840","1022","42","2021-04-15 19:23:58.012"
"530","1815","1021","54","2021-04-15 19:23:58.012"
"531","1821","1021","30","2021-04-15 19:23:58.012"
"532","1823","1021","33","2021-04-15 19:23:58.012"
"533","1830","1021","25","2021-04-15 19:23:58.012"
"534","1808","1020","23","2021-04-15 19:23:58.012"
"535","1819","1020","26","2021-04-15 19:23:58.012"
"536","1788","1019","53","2021-04-15 19:23:58.012"
"537","1786","1018","35","2021-04-15 19:23:58.012"
"538","1806","1018","75","2021-04-15 19:23:58.012"
"539","1841","1032","102","2021-04-15 19:24:03.087"
"540","1858","1031","31","2021-04-15 19:24:07.034"
"541","1841","1032","39","2021-04-15 19:24:07.034"
"542","1870","1032","23","2021-04-15 19:24:21.390"
"543","1847","1033","61","2021-04-15 19:24:21.390"
"544","1877","1025","58","2021-04-15 19:24:28.583"
"545","1876","1022","66","2021-04-15 19:24:33.968"
"546","1874","1021","20","2021-04-15 19:24:33.968"
"547","1874","1021","6","2021-04-15 19:24:35.082"
"548","1871","1020","23","2021-04-15 19:24:35.082"
"549","1863","1019","289","2021-04-15 19:24:35.082"
"550","1854","1017","69","2021-04-15 19:24:35.082"
"551","1885","1024","35","2021-04-15 19:24:39.731"
"552","1893","1024","67","2021-04-15 19:24:56.684"
"553","1891","1025","24","2021-04-15 19:25:02.219"
"554","1880","1027","268","2021-04-15 19:25:02.219"
"555","1893","1024","8","2021-04-15 19:25:10.791"
"556","1896","1024","68","2021-04-15 19:25:10.791"
"557","1902","1023","30","2021-04-15 19:25:10.791"
"558","1924","1021","25","2021-04-15 19:25:16.557"
"559","1922","1020","53","2021-04-15 19:25:16.557"
"560","1934","1028","21","2021-04-15 19:25:22.980"
"561","1931","1029","30","2021-04-15 19:25:22.980"
"562","1936","1029","20","2021-04-15 19:25:23.705"
"563","1922","1020","56","2021-04-15 19:25:24.277"
"564","1940","1030","69","2021-04-15 19:25:26.092"
"565","1922","1020","218","2021-04-15 19:25:28.648"
"566","1923","1019","36","2021-04-15 19:25:28.648"
"567","1930","1019","110","2021-04-15 19:25:28.648"
"568","1932","1019","232","2021-04-15 19:25:28.648"
"569","1941","1019","28","2021-04-15 19:25:28.648"
"570","1945","1019","15","2021-04-15 19:25:28.648"
"571","1946","1019","20","2021-04-15 19:25:32.854"
"572","1950","1018","39","2021-04-15 19:25:32.854"
"573","1951","1018","17","2021-04-15 19:25:32.854"
"574","1955","1018","54","2021-04-15 19:25:40.329"
"575","1960","1017","28","2021-04-15 19:25:40.329"
"576","1953","1019","106","2021-04-15 19:25:40.352"
"577","1956","1019","25","2021-04-15 19:25:40.352"
"578","1957","1019","39","2021-04-15 19:25:40.352"
"579","1961","1019","22","2021-04-15 19:25:40.352"
"580","1954","1020","51","2021-04-15 19:25:40.352"
"581","1958","1020","26","2021-04-15 19:25:40.352"
"582","1969","1018","40","2021-04-15 19:25:59.296"
"583","1970","1019","63","2021-04-15 19:25:59.489"
"584","1976","1018","45","2021-04-15 19:26:09.926"
"585","1970","1019","27","2021-04-15 19:26:09.926"
"586","1968","1020","20","2021-04-15 19:26:09.926"
"587","1972","1020","34","2021-04-15 19:26:09.926"
"588","1965","1021","68","2021-04-15 19:26:09.926"
"589","1981","1020","51","2021-04-15 19:26:11.045"
"590","1981","1020","93","2021-04-15 19:26:38.336"
"591","1992","1020","60","2021-04-15 19:26:38.336"
"592","1998","1020","38","2021-04-15 19:26:50.766"
"593","1991","1021","25","2021-04-15 19:26:50.766"
"594","2001","1021","18","2021-04-15 19:26:50.766"
"595","2001","1021","61","2021-04-15 19:26:53.894"
"596","1990","1022","103","2021-04-15 19:26:53.894"
"597","2017","1028","64","2021-04-15 19:27:00.943"
"598","2026","1029","21","2021-04-15 19:27:00.943"
"599","2030","1021","63","2021-04-15 19:27:10.582"
"600","2030","1021","57","2021-04-15 19:27:11.739"
"601","2039","1022","40","2021-04-15 19:27:15.571"
"602","2030","1021","50","2021-04-15 19:27:15.571"
"603","2049","1023","55","2021-04-15 19:27:21.337"
"604","2044","1024","21","2021-04-15 19:27:21.337"
"605","2050","1024","40","2021-04-15 19:27:24.987"
"606","2059","1025","21","2021-04-15 19:27:24.987"
"607","2064","1025","38","2021-04-15 19:27:25.907"
"608","2043","1022","69","2021-04-15 19:27:35.447"
"609","2048","1021","40","2021-04-15 19:27:35.447"
"610","2029","1020","53","2021-04-15 19:27:35.447"
"611","2031","1020","200","2021-04-15 19:27:35.447"
"612","2034","1020","36","2021-04-15 19:27:35.447"
"613","2035","1020","16","2021-04-15 19:27:35.447"
"614","2035","1020","9","2021-04-15 19:27:38.130"
"615","2082","1019","22","2021-04-15 19:27:38.130"
"616","2084","1019","47","2021-04-15 19:27:38.130"
"617","2022","1018","41","2021-04-15 19:27:38.130"
"618","2096","1018","59","2021-04-15 19:27:41.475"
"619","2099","1022","42","2021-04-15 19:27:43.730"
"620","2094","1023","13","2021-04-15 19:27:43.730"
"621","2104","1021","29","2021-04-15 19:27:47.448"
"622","2103","1020","26","2021-04-15 19:27:47.448"
"623","2107","1020","18","2021-04-15 19:27:47.448"
"624","2121","1022","34","2021-04-15 19:27:53.738"
"625","2124","1022","40","2021-04-15 19:27:53.738"
"626","2127","1022","109","2021-04-15 19:27:53.738"
"627","2118","1021","70","2021-04-15 19:28:05.836"
"628","2112","1023","20","2021-04-15 19:28:07.643"
"629","2123","1023","74","2021-04-15 19:28:07.643"
"630","2156","1022","84","2021-04-15 19:28:19.399"
"631","2158","1022","25","2021-04-15 19:28:19.399"
"632","2118","1021","69","2021-04-15 19:28:19.399"
"633","2137","1021","8","2021-04-15 19:28:19.399"
"634","2123","1023","70","2021-04-15 19:28:22.857"
"635","2174","1021","34","2021-04-15 19:29:11.895"
"636","2107","1020","22","2021-04-15 19:29:11.895"
"637","2152","1020","31","2021-04-15 19:29:11.895"
"638","2102","1019","38","2021-04-15 19:29:11.895"
"639","2171","1022","35","2021-04-15 19:29:14.624"
"640","2175","1022","19","2021-04-15 19:29:14.624"
"641","2184","1018","96","2021-04-15 19:29:32.642"
"642","2214","1015","39","2021-04-15 19:29:51.033"
"643","2209","1016","63","2021-04-15 19:29:51.033"
"644","2231","1012","32","2021-04-15 19:29:56.893"
"645","2239","1013","60","2021-04-15 19:30:03.632"
"646","2239","1013","123","2021-04-15 19:30:10.323"
"647","2239","1013","151","2021-04-15 19:30:16.002"
"648","2259","1013","15","2021-04-15 19:30:16.002"
"649","2274","1012","40","2021-04-15 19:30:26.085"
"650","2276","1012","23","2021-04-15 19:30:26.085"
"651","2293","1004","25","2021-04-15 19:30:51.636"
"652","2310","1009","22","2021-04-15 19:31:29.513"
"653","2320","1010","24","2021-04-15 19:31:40.996"
"654","2319","1011","22","2021-04-15 19:31:40.996"
"655","2322","1011","53","2021-04-15 19:31:40.996"
"656","2312","1012","28","2021-04-15 19:31:40.996"
"657","2292","1013","16","2021-04-15 19:31:40.996"
"658","2340","1012","27","2021-04-15 19:32:21.437"
"659","2341","1012","56","2021-04-15 19:32:21.437"
"660","2344","1012","30","2021-04-15 19:32:21.437"
"661","2345","1012","52","2021-04-15 19:32:21.437"
"662","2347","1011","63","2021-04-15 19:32:21.437"
"663","2349","1011","47","2021-04-15 19:32:21.437"
"664","2354","1011","38","2021-04-15 19:32:21.437"
"665","2385","1009","42","2021-04-15 19:32:58.852"
"666","2377","1010","51","2021-04-15 19:32:58.852"
"667","2400","1008","21","2021-04-15 19:33:17.615"
"668","2399","1009","50","2021-04-15 19:33:17.615"
"669","2377","1010","37","2021-04-15 19:33:17.615"
"670","2376","1011","39","2021-04-15 19:33:17.615"
"671","2375","1012","43","2021-04-15 19:33:17.615"
"672","2330","1013","27","2021-04-15 19:33:17.615"
"673","2333","1013","49","2021-04-15 19:33:17.615"
"674","2408","1012","44","2021-04-15 19:33:31.379"
"675","2333","1013","3","2021-04-15 19:33:31.379"
"676","2348","1013","135","2021-04-15 19:33:31.379"
"677","2411","1012","47","2021-04-15 19:33:37.968"
"678","2415","1012","37","2021-04-15 19:33:37.968"
"679","2417","1012","71","2021-04-15 19:33:37.968"
"680","2403","1011","33","2021-04-15 19:33:37.968"
"681","2404","1011","68","2021-04-15 19:33:37.968"
"682","2407","1010","43","2021-04-15 19:33:37.968"
"683","2428","1012","23","2021-04-15 19:33:46.933"
"684","2348","1013","12","2021-04-15 19:33:46.933"
"685","2413","1013","112","2021-04-15 19:33:46.933"
"686","2429","1013","29","2021-04-15 19:33:46.933"
"687","2431","1013","23","2021-04-15 19:33:46.933"
"688","2268","1014","38","2021-04-15 19:33:46.933"
"689","2270","1014","28","2021-04-15 19:33:46.933"
"690","2283","1014","36","2021-04-15 19:33:46.933"
"691","2346","1014","45","2021-04-15 19:33:46.933"
"692","2357","1014","36","2021-04-15 19:33:46.933"
"693","2357","1014","172","2021-04-15 19:33:55.722"
"694","2373","1014","102","2021-04-15 19:33:55.722"
"695","2448","1009","35","2021-04-15 19:33:56.308"
"696","2449","1009","56","2021-04-15 19:33:56.308"
"697","2452","1009","47","2021-04-15 19:33:56.308"
"698","2434","1008","30","2021-04-15 19:33:56.308"
"699","2424","1007","62","2021-04-15 19:33:56.308"
"700","2477","1012","64","2021-04-15 19:34:15.139"
"701","2483","1010","20","2021-04-15 19:34:16.921"
"702","2478","1009","49","2021-04-15 19:34:16.921"
"703","2489","1011","32","2021-04-15 19:34:26.410"
"704","2477","1012","7","2021-04-15 19:34:26.410"
"705","2465","1013","23","2021-04-15 19:34:26.410"
"706","2479","1013","2","2021-04-15 19:34:26.410"
"707","2495","1010","39","2021-04-15 19:34:26.687"
"708","2493","1009","83","2021-04-15 19:34:26.687"
"709","2491","1008","26","2021-04-15 19:34:26.687"
"710","2503","1013","99","2021-04-15 19:34:31.826"
"711","2507","1007","445","2021-04-15 19:34:32.637"
"712","2504","1006","36","2021-04-15 19:34:32.637"
"713","2499","1005","22","2021-04-15 19:34:32.637"
"714","2506","1005","963","2021-04-15 19:34:32.637"
"715","2500","1004","67","2021-04-15 19:34:32.637"
"716","2516","1010","56","2021-04-15 19:34:36.151"
"717","2531","1007","35","2021-04-15 19:35:01.464"
"718","2529","1006","32","2021-04-15 19:35:01.464"
"719","2544","1005","92","2021-04-15 19:35:25.868"
"720","2522","1004","30","2021-04-15 19:35:25.868"
"721","2548","1004","25","2021-04-15 19:35:25.868"
"722","2524","1003","38","2021-04-15 19:35:28.832"
"723","2554","1003","79","2021-04-15 19:35:28.832"
"724","2551","1009","33","2021-04-15 19:35:31.167"
"725","2547","1010","32","2021-04-15 19:35:31.167"
"726","2563","1008","103","2021-04-15 19:35:36.257"
"727","2564","1008","25","2021-04-15 19:35:36.257"
"728","2567","999","36","2021-04-15 19:35:38.312"
"729","2590","998","75","2021-04-15 19:36:20.763"
"730","2600","994","21","2021-04-15 19:36:33.672"
"731","2605","1003","67","2021-04-15 19:37:04.663"
"732","2604","1002","34","2021-04-15 19:37:04.663"
"733","2608","1002","176","2021-04-15 19:37:04.663"
"734","2614","1002","64","2021-04-15 19:37:04.663"
"735","2603","1001","210","2021-04-15 19:37:04.663"
"736","2615","1004","21","2021-04-15 19:37:09.652"
"737","2625","1004","23","2021-04-15 19:37:09.652"
"738","2630","1004","13","2021-04-15 19:37:09.652"
"739","2662","1004","164","2021-04-15 19:37:44.681"
"740","2643","1003","57","2021-04-15 19:37:44.681"
"741","2663","1003","64","2021-04-15 19:37:44.681"
"742","2659","1002","21","2021-04-15 19:37:44.681"
"743","2661","1002","64","2021-04-15 19:37:44.681"
"744","2668","999","36","2021-04-15 19:37:50.137"
"745","2597","1005","24","2021-04-15 19:37:56.852"
"746","2607","1005","27","2021-04-15 19:37:56.852"
"747","2680","1004","70","2021-04-15 19:38:38.617"
"748","2694","1001","48","2021-04-15 19:39:31.060"
"749","2692","1000","8","2021-04-15 19:39:31.060"
"750","2692","1000","26","2021-04-15 19:39:31.116"
"751","2696","1000","31","2021-04-15 19:39:31.116"
"752","2697","1000","19","2021-04-15 19:39:31.116"
"753","2697","1000","36","2021-04-15 19:39:31.259"
"754","2691","999","19","2021-04-15 19:39:31.259"
"755","2607","1005","6","2021-04-15 19:39:33.777"
"756","2629","1005","51","2021-04-15 19:39:33.777"
"757","2629","1005","71","2021-04-15 19:39:37.100"
"758","2708","1001","41","2021-04-15 19:40:00.306"
"759","2701","1000","12","2021-04-15 19:40:00.306"
"760","2716","1003","179","2021-04-15 19:40:01.874"
"761","2715","1004","28","2021-04-15 19:40:01.874"
"762","2719","1004","85","2021-04-15 19:40:01.874"
"763","2629","1005","26","2021-04-15 19:40:01.874"
"764","2654","1005","33","2021-04-15 19:40:01.874"
"765","2701","1000","59","2021-04-15 19:40:07.097"
"766","2711","1000","28","2021-04-15 19:40:07.097"
"767","2654","1005","1","2021-04-15 19:40:10.693"
"768","2683","1005","23","2021-04-15 19:40:10.693"
"769","2695","1005","20","2021-04-15 19:40:10.693"
"770","2586","1006","43","2021-04-15 19:40:10.693"
"771","2730","1004","142","2021-04-15 19:40:22.528"
"772","2729","1005","22","2021-04-15 19:40:22.528"
"773","2734","1005","29","2021-04-15 19:40:22.528"
"774","2735","1005","29","2021-04-15 19:40:22.528"
"775","2586","1006","80","2021-04-15 19:40:22.528"
"776","2598","1006","23","2021-04-15 19:40:22.528"
"777","2649","1006","103","2021-04-15 19:40:22.528"
"778","2651","1006","28","2021-04-15 19:40:22.528"
"779","2658","1006","22","2021-04-15 19:40:22.528"
"780","2664","1006","25","2021-04-15 19:40:22.528"
"781","2669","1006","36","2021-04-15 19:40:22.528"
"782","2678","1006","25","2021-04-15 19:40:22.528"
"783","2703","1006","68","2021-04-15 19:40:22.528"
"784","2745","1004","26","2021-04-15 19:40:32.812"
"785","2744","1005","29","2021-04-15 19:40:32.812"
"786","2703","1006","8","2021-04-15 19:40:32.812"
"787","2705","1006","31","2021-04-15 19:40:32.812"
"788","2709","1006","36","2021-04-15 19:40:32.812"
"789","2714","1006","35","2021-04-15 19:40:32.812"
"790","2759","1005","82","2021-04-15 19:40:52.453"
"791","2764","999","30","2021-04-15 19:41:07.857"
"792","2741","998","35","2021-04-15 19:41:07.857"
"793","2742","998","103","2021-04-15 19:41:07.857"
"794","2757","998","65","2021-04-15 19:41:07.857"
"795","2773","998","35","2021-04-15 19:41:07.857"
"796","2775","998","37","2021-04-15 19:41:07.857"
"797","2759","1005","178","2021-04-15 19:41:10.759"
"798","2778","1003","62","2021-04-15 19:41:12.102"
"799","2788","1003","28","2021-04-15 19:41:15.361"
"800","2783","1004","91","2021-04-15 19:41:15.361"
"801","2797","1003","64","2021-04-15 19:41:24.562"
"802","2800","1002","43","2021-04-15 19:41:50.084"
"803","2802","1002","48","2021-04-15 19:41:50.084"
"804","2797","1003","101","2021-04-15 19:42:02.169"
"805","2801","1003","34","2021-04-15 19:42:08.997"
"806","2832","1003","21","2021-04-15 19:42:08.997"
"807","2845","1003","24","2021-04-15 19:42:08.997"
"808","2783","1004","22","2021-04-15 19:42:08.997"
"809","2804","1002","40","2021-04-15 19:42:12.847"
"810","2807","1002","14","2021-04-15 19:42:12.847"
"811","2851","1003","90","2021-04-15 19:42:39.090"
"812","2852","1003","36","2021-04-15 19:42:39.090"
"813","2855","1003","31","2021-04-15 19:42:39.090"
"814","2864","1003","32","2021-04-15 19:42:39.090"
"815","2864","1003","12","2021-04-15 19:42:57.533"
"816","2868","1003","26","2021-04-15 19:42:57.533"
"817","2783","1004","3","2021-04-15 19:42:57.533"
"818","2813","1004","25","2021-04-15 19:42:57.533"
"819","2821","1004","3","2021-04-15 19:42:57.533"
"820","2827","1002","30","2021-04-15 19:43:01.648"
"821","2835","1002","35","2021-04-15 19:43:01.648"
"822","2837","1002","75","2021-04-15 19:43:01.648"
"823","2839","1002","38","2021-04-15 19:43:01.648"
"824","2795","1001","27","2021-04-15 19:43:01.648"
"825","2877","1001","31","2021-04-15 19:43:01.648"
"826","2881","1001","99","2021-04-15 19:43:01.648"
"827","2882","1001","44","2021-04-15 19:43:01.648"
"828","2895","1002","104","2021-04-15 19:43:24.470"
"829","2895","1002","96","2021-04-15 19:43:24.841"
"830","2880","1003","48","2021-04-15 19:43:24.841"
"831","2821","1004","23","2021-04-15 19:43:24.841"
"832","2822","1004","188","2021-04-15 19:43:24.841"
"833","2912","1003","24","2021-04-15 19:44:01.765"
"834","2822","1004","63","2021-04-15 19:44:01.765"
"835","2889","999","22","2021-04-15 19:44:18.134"
"836","2901","998","22","2021-04-15 19:44:18.134"
"837","2904","998","23","2021-04-15 19:44:18.134"
"838","2921","1002","20","2021-04-15 19:44:28.216"
"839","2920","1003","191","2021-04-15 19:44:28.216"
"840","2930","1003","22","2021-04-15 19:44:28.216"
"841","2934","1003","50","2021-04-15 19:44:28.216"
"842","2822","1004","405","2021-04-15 19:44:28.216"
"843","2933","999","33","2021-04-15 19:44:29.155"
"844","2904","998","25","2021-04-15 19:44:29.155"
"845","2822","1004","52","2021-04-15 19:44:36.336"
"846","2853","1004","23","2021-04-15 19:44:36.336"
"847","2866","1004","49","2021-04-15 19:44:36.336"
"848","2957","1003","26","2021-04-15 19:44:49.979"
"849","2866","1004","41","2021-04-15 19:44:49.979"
"850","2872","1004","128","2021-04-15 19:44:49.979"
"851","2927","997","133","2021-04-15 19:44:51.884"
"852","2966","999","32","2021-04-15 19:45:09.668"
"853","2962","998","23","2021-04-15 19:45:09.668"
"854","2927","997","109","2021-04-15 19:45:09.668"
"855","2872","1004","41","2021-04-15 19:45:14.712"
"856","2875","1004","14","2021-04-15 19:45:14.712"
"857","2927","997","128","2021-04-15 19:45:36.236"
"858","2927","997","65","2021-04-15 19:45:37.583"
"859","2932","997","4","2021-04-15 19:45:37.583"
"860","2983","1002","20","2021-04-15 19:45:40.465"
"861","2975","1003","33","2021-04-15 19:45:40.465"
"862","2954","1004","22","2021-04-15 19:45:40.465"
"863","2899","1005","19","2021-04-15 19:45:40.465"
"864","2993","1003","30","2021-04-15 19:45:55.492"
"865","2986","1004","75","2021-04-15 19:45:55.492"
"866","2999","998","59","2021-04-15 19:46:03.191"
"867","2932","997","81","2021-04-15 19:46:03.191"
"868","3010","1001","33","2021-04-15 19:46:15.648"
"869","3008","1002","21","2021-04-15 19:46:15.648"
"870","3008","1002","15","2021-04-15 19:46:19.673"
"871","3012","1002","31","2021-04-15 19:46:19.673"
"872","3007","1003","24","2021-04-15 19:46:19.673"
"873","3015","1003","17","2021-04-15 19:46:19.673"
"874","3002","999","42","2021-04-15 19:46:20.940"
"875","3022","998","28","2021-04-15 19:46:20.940"
"876","3046","1003","68","2021-04-15 19:46:37.602"
"877","3047","1003","74","2021-04-15 19:46:37.602"
"878","2990","1004","60","2021-04-15 19:46:37.602"
"879","3029","1004","33","2021-04-15 19:46:37.602"
"880","3037","1004","47","2021-04-15 19:46:37.602"
"881","3048","1004","28","2021-04-15 19:46:37.602"
"882","3048","1004","59","2021-04-15 19:46:39.276"
"883","3032","1001","60","2021-04-15 19:46:46.493"
"884","3048","1004","59","2021-04-15 19:46:54.108"
"885","3065","1002","32","2021-04-15 19:47:22.447"
"886","3076","1002","26","2021-04-15 19:47:22.447"
"887","3084","1002","29","2021-04-15 19:47:27.112"
"888","3082","1003","41","2021-04-15 19:47:27.112"
"889","3082","1003","31","2021-04-15 19:47:27.666"
"890","3053","1004","275","2021-04-15 19:47:27.667"
"891","3056","1004","32","2021-04-15 19:47:38.580"
"892","3057","1004","173","2021-04-15 19:47:38.580"
"893","3058","1004","68","2021-04-15 19:47:38.580"
"894","3061","1004","22","2021-04-15 19:47:38.580"
"895","3062","1004","45","2021-04-15 19:47:38.580"
"896","3072","1004","23","2021-04-15 19:47:38.580"
"897","2899","1005","140","2021-04-15 19:47:38.580"
"898","2964","1005","67","2021-04-15 19:47:38.580"
"899","3045","1001","73","2021-04-15 19:47:56.377"
"900","3066","1001","21","2021-04-15 19:47:56.377"
"901","3070","1001","40","2021-04-15 19:47:56.377"
"902","3073","1001","76","2021-04-15 19:47:56.377"
"903","3074","1001","101","2021-04-15 19:47:56.377"
"904","3075","1001","22","2021-04-15 19:47:56.377"
"905","3102","1001","37","2021-04-15 19:47:56.377"
"906","3104","1001","44","2021-04-15 19:47:56.377"
"907","3106","1001","41","2021-04-15 19:47:56.377"
"908","3099","1000","34","2021-04-15 19:47:56.377"
"909","3112","1004","51","2021-04-15 19:48:06.620"
"910","3091","1005","34","2021-04-15 19:48:36.718"
"911","3100","1006","41","2021-04-15 19:48:36.718"
"912","3100","1006","26","2021-04-15 19:48:38.947"
"913","3113","1006","27","2021-04-15 19:48:38.947"
"914","3123","1007","7","2021-04-15 19:48:38.947"
"915","3115","1004","62","2021-04-15 19:48:41.876"
"916","3123","1007","18","2021-04-15 19:48:55.800"
"917","3135","1007","52","2021-04-15 19:49:04.070"
"918","3135","1007","37","2021-04-15 19:49:15.908"
"919","3140","1007","22","2021-04-15 19:49:15.908"
"920","3169","1009","61","2021-04-15 19:49:47.226"
"921","3171","1007","126","2021-04-15 19:49:48.002"
"922","3181","997","65","2021-04-15 19:50:01.292"
"923","3189","1007","121","2021-04-15 19:50:31.697"
"924","3192","1006","48","2021-04-15 19:50:40.586"
"925","3193","1006","26","2021-04-15 19:50:40.586"
"926","3195","1005","41","2021-04-15 19:50:40.586"
"927","3203","1004","25","2021-04-15 19:51:07.512"
"928","3204","1003","26","2021-04-15 19:51:07.512"
"929","3207","1003","3","2021-04-15 19:51:07.512"
"930","3221","1007","29","2021-04-15 19:51:28.477"
"931","3177","1008","30","2021-04-15 19:51:28.477"
"932","3239","1007","34","2021-04-15 19:51:34.623"
"933","3177","1008","21","2021-04-15 19:51:34.623"
"934","3222","1006","113","2021-04-15 19:51:38.748"
"935","3240","1006","20","2021-04-15 19:51:38.748"
"936","3241","1006","32","2021-04-15 19:51:38.748"
"937","3235","1005","42","2021-04-15 19:51:38.748"
"938","3243","1005","124","2021-04-15 19:51:38.748"
"939","3210","1003","53","2021-04-15 19:51:38.748"
"940","3224","1008","38","2021-04-15 19:51:39.988"
"941","3226","1008","33","2021-04-15 19:51:39.988"
"942","3169","1009","50","2021-04-15 19:51:39.988"
"943","3214","1009","25","2021-04-15 19:51:39.988"
"944","3217","1009","65","2021-04-15 19:51:39.988"
"945","3217","1009","100","2021-04-15 19:51:40.681"
"946","3231","1009","20","2021-04-15 19:51:40.681"
"947","3245","1009","9","2021-04-15 19:51:40.681"
"948","3259","1000","23","2021-04-15 19:51:45.202"
"949","3264","1006","22","2021-04-15 19:52:04.179"
"950","3265","1006","45","2021-04-15 19:52:04.179"
"951","3268","1006","20","2021-04-15 19:52:04.179"
"952","3289","1007","24","2021-04-15 19:52:14.474"
"953","3268","1006","22","2021-04-15 19:52:14.475"
"954","3271","1006","35","2021-04-15 19:52:14.475"
"955","3277","1006","212","2021-04-15 19:52:14.475"
"956","3272","1005","25","2021-04-15 19:52:14.475"
"957","3275","1005","22","2021-04-15 19:52:14.475"
"958","3279","1005","37","2021-04-15 19:52:14.475"
"959","3284","1005","40","2021-04-15 19:52:14.475"
"960","3266","1008","62","2021-04-15 19:52:31.943"
"961","3266","1008","77","2021-04-15 19:52:44.203"
"962","3312","1003","21","2021-04-15 19:52:52.486"
"963","3309","1002","49","2021-04-15 19:52:52.486"
"964","3317","1006","22","2021-04-15 19:53:01.102"
"965","3316","1007","31","2021-04-15 19:53:01.102"
"966","3266","1008","42","2021-04-15 19:53:01.102"
"967","3323","1007","42","2021-04-15 19:53:04.807"
"968","3266","1008","186","2021-04-15 19:53:04.807"
"969","3298","1008","5","2021-04-15 19:53:04.807"
"970","3298","1008","60","2021-04-15 19:53:06.320"
"971","3327","1003","29","2021-04-15 19:53:16.789"
"972","3309","1002","37","2021-04-15 19:53:16.789"
"973","3337","1004","79","2021-04-15 19:53:27.835"
"974","3337","1004","80","2021-04-15 19:53:31.952"
"975","3337","1004","31","2021-04-15 19:53:43.055"
"976","3346","1004","53","2021-04-15 19:53:43.055"
"977","3352","1004","14","2021-04-15 19:53:43.055"
"978","3352","1004","22","2021-04-15 19:53:47.348"
"979","3336","1003","21","2021-04-15 19:53:47.348"
"980","3331","1002","29","2021-04-15 19:53:47.348"
"981","3321","1001","20","2021-04-15 19:53:47.348"
"982","3350","1005","44","2021-04-15 19:53:49.898"
"983","3355","1005","43","2021-04-15 19:53:49.898"
"984","3356","1005","46","2021-04-15 19:53:49.898"
"985","3342","1006","134","2021-04-15 19:53:49.898"
"986","3351","1006","39","2021-04-15 19:53:49.898"
"987","3353","1006","88","2021-04-15 19:53:49.898"
"988","3357","1006","22","2021-04-15 19:53:49.898"
"989","3335","1007","88","2021-04-15 19:53:49.898"
"990","3349","1007","26","2021-04-15 19:53:49.898"
"991","3298","1008","61","2021-04-15 19:53:49.898"
"992","3301","1008","118","2021-04-15 19:53:49.898"
"993","3338","1008","30","2021-04-15 19:53:49.898"
"994","3340","1008","21","2021-04-15 19:53:49.898"
"995","3341","1008","35","2021-04-15 19:53:49.898"
"996","3296","1009","331","2021-04-15 19:53:49.898"
"997","3310","1009","70","2021-04-15 19:53:49.898"
"998","3315","1009","86","2021-04-15 19:53:49.898"
"999","3330","1009","49","2021-04-15 19:53:49.898"
"1000","3332","1009","34","2021-04-15 19:53:49.898"
"1001","3364","1009","67","2021-04-15 19:53:53.461"
"1002","3364","1009","57","2021-04-15 19:53:54.472"
"1003","3370","1010","28","2021-04-15 19:54:07.961"
"1004","3364","1009","62","2021-04-15 19:54:07.961"
"1005","3363","1008","43","2021-04-15 19:54:07.961"
"1006","3368","1008","17","2021-04-15 19:54:07.961"
"1007","3390","1018","35","2021-04-15 19:54:56.667"
"1008","3394","1018","27","2021-04-15 19:54:56.667"
"1009","3369","1008","115","2021-04-15 19:54:57.688"
"1010","3369","1008","255","2021-04-15 19:54:58.302"
"1011","3409","1015","64","2021-04-15 19:55:05.082"
"1012","3410","1016","207","2021-04-15 19:55:05.082"
"1013","3417","1014","63","2021-04-15 19:55:11.800"
"1014","3428","1011","25","2021-04-15 19:55:37.847"
"1015","3434","1011","57","2021-04-15 19:55:37.847"
"1016","3435","1011","21","2021-04-15 19:56:22.360"
"1017","3438","1011","59","2021-04-15 19:56:22.360"
"1018","3445","1008","21","2021-04-15 19:56:42.573"
"1019","3487","1008","27","2021-04-15 19:56:54.020"
"1020","3482","1009","44","2021-04-15 19:56:54.020"
"1021","3489","1009","72","2021-04-15 19:56:54.020"
"1022","3489","1009","97","2021-04-15 19:56:55.004"
"1023","3490","1009","44","2021-04-15 19:56:55.004"
"1024","3491","1009","15","2021-04-15 19:56:55.004"
"1025","3513","1008","27","2021-04-15 19:58:21.427"
"1026","3502","1007","25","2021-04-15 19:58:21.427"
"1027","3503","1006","15","2021-04-15 19:58:21.427"
"1028","3518","1007","32","2021-04-15 19:58:32.374"
"1029","3516","1008","93","2021-04-15 19:58:32.374"
"1030","3506","1009","55","2021-04-15 19:58:32.374"
"1031","3473","1010","14","2021-04-15 19:58:32.374"
"1032","3503","1006","13","2021-04-15 19:58:34.765"
"1033","3488","1005","22","2021-04-15 19:58:34.765"
"1034","3517","1005","23","2021-04-15 19:58:34.765"
"1035","3473","1010","17","2021-04-15 19:59:05.409"
"1036","3514","1010","25","2021-04-15 19:59:05.409"
"1037","3523","1011","15","2021-04-15 19:59:05.409"
"1038","3523","1011","11","2021-04-15 19:59:16.443"
"1039","3529","1011","72","2021-04-15 19:59:16.443"
"1040","3533","1011","87","2021-04-15 19:59:16.443"
"1041","3542","1007","63","2021-04-15 19:59:16.625"
"1042","3543","1006","21","2021-04-15 19:59:20.373"
"1043","3558","1010","58","2021-04-15 19:59:28.865"
"1044","3559","1011","39","2021-04-15 19:59:28.865"
"1045","3559","1011","51","2021-04-15 19:59:45.651"
"1046","3566","1010","30","2021-04-15 19:59:52.776"
"1047","3569","1010","30","2021-04-15 19:59:52.776"
"1048","3564","1009","5","2021-04-15 19:59:52.776"
"1049","3564","1009","16","2021-04-15 20:00:20.635"
"1050","3577","1009","59","2021-04-15 20:00:20.635"
"1051","3578","1009","6","2021-04-15 20:00:20.635"
"1052","3595","1009","44","2021-04-15 20:00:41.323"
"1053","3576","1010","40","2021-04-15 20:00:41.323"
"1054","3605","1011","60","2021-04-15 20:00:50.490"
"1055","3574","1012","57","2021-04-15 20:00:51.132"
"1056","3624","1013","43","2021-04-15 20:00:54.821"
"1057","3632","1020","87","2021-04-15 20:00:55.798"
"1058","3626","1009","60","2021-04-15 20:01:00.071"
"1059","3622","1008","39","2021-04-15 20:01:00.071"
"1060","3593","1007","30","2021-04-15 20:01:00.071"
"1061","3597","1007","69","2021-04-15 20:01:00.071"
"1062","3609","1007","44","2021-04-15 20:01:00.071"
"1063","3638","1013","21","2021-04-15 20:01:01.834"
"1064","3647","1010","684","2021-04-15 20:01:09.458"
"1065","3644","1009","23","2021-04-15 20:01:09.458"
"1066","3637","1008","26","2021-04-15 20:01:09.458"
"1067","3609","1007","90","2021-04-15 20:01:09.458"
"1068","3639","1007","31","2021-04-15 20:01:09.458"
"1069","3643","1007","25","2021-04-15 20:01:09.458"
"1070","3556","1006","33","2021-04-15 20:01:09.458"
"1071","3655","1013","47","2021-04-15 20:01:23.749"
"1072","3659","1014","8","2021-04-15 20:01:23.749"
"1073","3659","1014","33","2021-04-15 20:01:25.349"
"1074","3663","1014","35","2021-04-15 20:01:25.349"
"1075","3665","1015","31","2021-04-15 20:01:25.349"
"1076","3667","1013","91","2021-04-15 20:01:37.447"
"1077","3662","1012","9","2021-04-15 20:01:37.447"
"1078","3675","1014","31","2021-04-15 20:01:42.390"
"1079","3676","1014","26","2021-04-15 20:01:42.390"
"1080","3681","1013","36","2021-04-15 20:01:53.217"
"1081","3693","1013","19","2021-04-15 20:01:53.217"
"1082","3697","1013","116","2021-04-15 20:01:55.345"
"1083","3697","1013","3","2021-04-15 20:01:56.575"
"1084","3700","1012","34","2021-04-15 20:01:56.575"
"1085","3702","1012","40","2021-04-15 20:01:56.575"
"1086","3706","1006","50","2021-04-15 20:01:57.952"
"1087","3716","1008","33","2021-04-15 20:02:09.664"
"1088","3712","1007","22","2021-04-15 20:02:09.664"
"1089","3726","1012","60","2021-04-15 20:02:17.680"
"1090","3725","1013","27","2021-04-15 20:02:17.680"
"1091","3706","1006","25","2021-04-15 20:02:20.854"
"1092","3715","1006","33","2021-04-15 20:02:20.854"
"1093","3725","1013","24","2021-04-15 20:02:30.608"
"1094","3742","1016","38","2021-04-15 20:02:33.181"
"1095","3747","1008","59","2021-04-15 20:02:41.464"
"1096","3758","1016","97","2021-04-15 20:02:53.654"
"1097","3762","1019","52","2021-04-15 20:03:08.955"
"1098","3770","1012","29","2021-04-15 20:03:27.566"
"1099","3760","1011","48","2021-04-15 20:03:27.566"
"1100","3764","1010","23","2021-04-15 20:03:27.566"
"1101","3766","1010","28","2021-04-15 20:03:27.566"
"1102","3768","1010","23","2021-04-15 20:03:27.566"
"1103","3755","1009","57","2021-04-15 20:03:27.566"
"1104","3747","1008","99","2021-04-15 20:03:27.566"
"1105","3749","1007","15","2021-04-15 20:03:27.566"
"1106","3769","1021","81","2021-04-15 20:03:34.524"
"1107","3772","1008","23","2021-04-15 20:03:38.296"
"1108","3749","1007","34","2021-04-15 20:03:38.296"
"1109","3740","1006","29","2021-04-15 20:03:38.296"
"1110","3788","1017","91","2021-04-15 20:04:12.543"
"1111","3796","1017","24","2021-04-15 20:04:12.543"
"1112","3798","1017","25","2021-04-15 20:04:12.543"
"1113","3806","1017","9","2021-04-15 20:04:12.543"
"1114","3806","1017","31","2021-04-15 20:04:13.794"
"1115","3785","1018","27","2021-04-15 20:04:13.794"
"1116","3810","1017","20","2021-04-15 20:04:16.044"
"1117","3785","1018","87","2021-04-15 20:04:16.044"
"1118","3794","1018","114","2021-04-15 20:04:16.044"
"1119","3807","1018","7","2021-04-15 20:04:16.044"
"1120","3814","1020","51","2021-04-15 20:04:46.262"
"1121","3817","1021","16","2021-04-15 20:04:46.262"
"1122","3795","1016","61","2021-04-15 20:04:49.304"
"1123","3799","1016","21","2021-04-15 20:04:49.304"
"1124","3822","1015","72","2021-04-15 20:04:49.304"
"1125","3837","1019","26","2021-04-15 20:05:12.044"
"1126","3842","1019","29","2021-04-15 20:05:12.044"
"1127","3842","1019","32","2021-04-15 20:05:15.583"
"1128","3839","1018","24","2021-04-15 20:05:15.583"
"1129","3843","1018","34","2021-04-15 20:05:15.583"
"1130","3848","1018","46","2021-04-15 20:05:15.583"
"1131","3828","1017","25","2021-04-15 20:05:15.583"
"1132","3832","1017","45","2021-04-15 20:05:15.583"
"1133","3827","1016","54","2021-04-15 20:05:15.583"
"1134","3835","1016","86","2021-04-15 20:05:15.583"
"1135","3854","1015","24","2021-04-15 20:05:21.319"
"1136","3831","1020","63","2021-04-15 20:05:24.092"
"1137","3831","1020","229","2021-04-15 20:05:24.405"
"1138","3873","1020","64","2021-04-15 20:05:32.767"
"1139","3873","1020","167","2021-04-15 20:05:37.162"
"1140","3876","1019","32","2021-04-15 20:05:42.173"
"1141","3882","1019","30","2021-04-15 20:05:42.173"
"1142","3885","1019","77","2021-04-15 20:05:42.173"
"1143","3885","1019","48","2021-04-15 20:05:43.259"
"1144","3878","1020","98","2021-04-15 20:05:55.525"
"1145","3883","1020","39","2021-04-15 20:05:55.525"
"1146","3893","1020","26","2021-04-15 20:05:55.525"
"1147","3895","1020","18","2021-04-15 20:05:55.525"
"1148","3921","1019","33","2021-04-15 20:06:19.715"
"1149","3922","1019","19","2021-04-15 20:06:19.715"
"1150","3895","1020","21","2021-04-15 20:06:53.788"
"1151","3902","1020","28","2021-04-15 20:06:53.788"
"1152","3914","1020","51","2021-04-15 20:06:53.788"
"1153","3928","1020","28","2021-04-15 20:06:53.788"
"1154","3996","1019","67","2021-04-15 20:08:19.083"
"1155","4000","1019","5","2021-04-15 20:08:19.083"
"1156","3963","1018","37","2021-04-15 20:08:30.725"
"1157","3998","1018","34","2021-04-15 20:08:30.725"
"1158","4001","1018","28","2021-04-15 20:08:30.725"
"1159","4033","1018","23","2021-04-15 20:09:35.052"
"1160","4045","1017","35","2021-04-15 20:09:35.052"
"1161","4069","1018","240","2021-04-15 20:10:44.085"
"1162","4043","1019","239","2021-04-15 20:10:44.085"
"1163","4053","1019","115","2021-04-15 20:10:44.085"
"1164","4056","1019","25","2021-04-15 20:10:44.085"
"1165","4058","1019","25","2021-04-15 20:10:44.085"
"1166","3929","1020","93","2021-04-15 20:10:44.085"
"1167","3945","1020","11","2021-04-15 20:10:44.085"
"1168","3953","1020","68","2021-04-15 20:11:14.190"
"1169","3965","1020","64","2021-04-15 20:11:14.190"
"1170","4087","1019","37","2021-04-15 20:11:22.256"
"1171","4088","1019","39","2021-04-15 20:11:22.257"
"1172","4088","1019","5","2021-04-15 20:11:37.431"
"1173","4090","1019","23","2021-04-15 20:11:37.431"
"1174","3965","1020","28","2021-04-15 20:11:37.431"
"1175","4073","1018","72","2021-04-15 20:11:53.917"
"1176","4074","1018","1","2021-04-15 20:11:53.917"
"1177","4074","1018","74","2021-04-15 20:11:59.065"
"1178","4077","1018","49","2021-04-15 20:11:59.065"
"1179","4089","1017","193","2021-04-15 20:11:59.065"
"1180","4097","1019","22","2021-04-15 20:11:59.870"
"1181","4103","1019","35","2021-04-15 20:11:59.870"
"1182","4103","1019","12","2021-04-15 20:11:59.890"
"1183","3965","1020","55","2021-04-15 20:11:59.890"
"1184","3972","1020","69","2021-04-15 20:12:52.828"
"1185","4126","1019","30","2021-04-15 20:12:54.325"
"1186","4125","1018","81","2021-04-15 20:12:54.325"
"1187","4089","1017","75","2021-04-15 20:12:54.325"
"1188","4137","1018","79","2021-04-15 20:12:56.953"
"1189","4089","1017","402","2021-04-15 20:12:56.953"
"1190","4104","1017","27","2021-04-15 20:12:56.953"
"1191","3972","1020","309","2021-04-15 20:12:57.100"
"1192","4156","1018","33","2021-04-15 20:13:19.595"
"1193","4148","1017","35","2021-04-15 20:13:19.595"
"1194","4155","1017","34","2021-04-15 20:13:19.595"
"1195","4123","1016","30","2021-04-15 20:13:19.595"
"1196","4146","1019","31","2021-04-15 20:13:20.071"
"1197","4151","1019","22","2021-04-15 20:13:20.071"
"1198","4161","1017","63","2021-04-15 20:13:20.649"
"1199","4123","1016","101","2021-04-15 20:13:20.649"
"1200","4151","1019","49","2021-04-15 20:13:23.276"
"1201","3972","1020","11","2021-04-15 20:13:23.276"
"1202","4167","1019","60","2021-04-15 20:13:26.384"
"1203","4167","1019","114","2021-04-15 20:13:27.475"
"1204","4186","1014","112","2021-04-15 20:13:35.757"
"1205","4191","1018","22","2021-04-15 20:13:38.505"
"1206","4194","1018","42","2021-04-15 20:13:38.505"
"1207","4182","1019","31","2021-04-15 20:13:39.773"
"1208","3972","1020","319","2021-04-15 20:13:39.773"
"1209","3977","1020","64","2021-04-15 20:13:39.773"
"1210","3994","1020","52","2021-04-15 20:13:39.773"
"1211","4196","1013","21","2021-04-15 20:13:40.471"
"1212","4200","1012","21","2021-04-15 20:13:40.471"
"1213","4216","1018","25","2021-04-15 20:13:54.674"
"1214","4220","1018","26","2021-04-15 20:13:54.674"
"1215","4243","1018","21","2021-04-15 20:14:02.803"
"1216","4211","1017","31","2021-04-15 20:14:02.803"
"1217","4218","1017","29","2021-04-15 20:14:02.803"
"1218","4228","1017","35","2021-04-15 20:14:02.803"
"1219","4241","1017","30","2021-04-15 20:14:02.803"
"1220","4242","1017","31","2021-04-15 20:14:02.803"
"1221","4245","1017","29","2021-04-15 20:14:02.803"
"1222","4210","1016","10","2021-04-15 20:14:02.803"
"1223","4210","1016","11","2021-04-15 20:14:03.851"
"1224","4213","1016","114","2021-04-15 20:14:03.851"
"1225","4258","1018","29","2021-04-15 20:14:14.528"
"1226","4265","1018","24","2021-04-15 20:14:14.528"
"1227","4272","1017","66","2021-04-15 20:14:25.089"
"1228","4272","1017","153","2021-04-15 20:14:26.012"
"1229","4273","1017","48","2021-04-15 20:14:26.012"
"1230","4296","1014","35","2021-04-15 20:14:29.935"
"1231","4294","1015","38","2021-04-15 20:14:29.935"
"1232","4291","1016","7","2021-04-15 20:14:29.935"
"1233","4293","1010","29","2021-04-15 20:14:30.559"
"1234","4308","1014","76","2021-04-15 20:14:37.575"
"1235","4305","1015","4","2021-04-15 20:14:37.575"
"1236","4312","1005","140","2021-04-15 20:14:41.372"
"1237","4319","1012","34","2021-04-15 20:14:59.641"
"1238","4336","1009","67","2021-04-15 20:15:13.883"
"1239","4345","1010","20","2021-04-15 20:15:28.566"
"1240","4336","1009","9","2021-04-15 20:15:28.566"
"1241","4346","1009","24","2021-04-15 20:15:28.566"
"1242","4347","1009","47","2021-04-15 20:15:28.566"
"1243","4348","1009","70","2021-04-15 20:15:28.566"
"1244","4344","1013","107","2021-04-15 20:15:29.653"
"1245","4343","1014","27","2021-04-15 20:15:29.653"
"1246","4349","1014","22","2021-04-15 20:15:29.653"
"1247","4340","1015","102","2021-04-15 20:15:29.653"
"1248","4295","1016","24","2021-04-15 20:15:29.653"
"1249","4306","1016","69","2021-04-15 20:15:29.653"
"1250","4310","1016","38","2021-04-15 20:15:29.653"
"1251","4321","1016","22","2021-04-15 20:15:29.653"
"1252","4273","1017","14","2021-04-15 20:15:29.653"
"1253","4292","1017","26","2021-04-15 20:15:29.653"
"1254","4266","1018","71","2021-04-15 20:15:29.653"
"1255","4275","1018","49","2021-04-15 20:15:29.653"
"1256","4277","1018","21","2021-04-15 20:15:29.653"
"1257","4281","1018","23","2021-04-15 20:15:29.653"
"1258","4282","1018","21","2021-04-15 20:15:29.653"
"1259","4239","1019","42","2021-04-15 20:15:29.653"
"1260","4047","1020","46","2021-04-15 20:15:29.653"
"1261","4153","1020","23","2021-04-15 20:15:29.653"
"1262","4159","1020","69","2021-04-15 20:15:29.653"
"1263","4223","1020","69","2021-04-15 20:15:29.653"
"1264","4236","1020","23","2021-04-15 20:15:29.653"
"1265","3890","1021","50","2021-04-15 20:15:29.653"
"1266","3967","1021","38","2021-04-15 20:15:29.653"
"1267","4369","1016","39","2021-04-15 20:15:54.367"
"1268","4368","1015","48","2021-04-15 20:15:54.367"
"1269","4364","1014","126","2021-04-15 20:15:54.367"
"1270","4367","1013","26","2021-04-15 20:15:54.367"
"1271","4363","1020","157","2021-04-15 20:16:11.197"
"1272","4388","1012","124","2021-04-15 20:17:04.707"
"1273","4403","1012","26","2021-04-15 20:17:04.707"
"1274","4387","1011","274","2021-04-15 20:17:04.707"
"1275","4384","1010","34","2021-04-15 20:17:17.010"
"1276","4375","1009","16","2021-04-15 20:17:17.010"
"1277","4375","1009","14","2021-04-15 20:17:26.243"
"1278","4415","1008","42","2021-04-15 20:17:26.243"
"1279","4418","1008","26","2021-04-15 20:17:26.243"
"1280","4428","1017","50","2021-04-15 20:17:54.258"
"1281","4414","1018","60","2021-04-15 20:17:54.258"
"1282","4378","1020","5","2021-04-15 20:17:54.258"
"1283","4435","1019","26","2021-04-15 20:18:01.066"
"1284","4378","1020","27","2021-04-15 20:18:01.066"
"1285","4389","1020","9","2021-04-15 20:18:01.066"
"1286","4389","1020","34","2021-04-15 20:18:06.167"
"1287","4437","1020","35","2021-04-15 20:18:06.167"
"1288","4451","1017","30","2021-04-15 20:18:15.930"
"1289","4431","1016","25","2021-04-15 20:18:15.930"
"1290","4443","1015","18","2021-04-15 20:18:15.930"
"1291","4462","1017","32","2021-04-15 20:18:22.735"
"1292","4456","1018","37","2021-04-15 20:18:22.735"
"1293","4473","1020","33","2021-04-15 20:18:33.849"
"1294","4474","1020","38","2021-04-15 20:18:33.849"
"1295","4486","1020","20","2021-04-15 20:18:37.148"
"1296","4482","1019","21","2021-04-15 20:18:37.148"
"1297","4475","1018","26","2021-04-15 20:18:37.148"
"1298","4495","1019","30","2021-04-15 20:18:46.386"
"1299","4485","1018","21","2021-04-15 20:18:46.386"
"1300","4485","1018","25","2021-04-15 20:18:54.749"
"1301","4496","1018","29","2021-04-15 20:18:54.749"
"1302","4492","1017","12","2021-04-15 20:18:54.749"
"1303","4479","1021","69","2021-04-15 20:18:58.385"
"1304","4479","1021","33","2021-04-15 20:18:58.903"
"1305","4481","1021","36","2021-04-15 20:18:58.903"
"1306","4490","1022","36","2021-04-15 20:18:58.903"
"1307","4491","1022","173","2021-04-15 20:18:58.903"
"1308","4491","1022","40","2021-04-15 20:19:00.845"
"1309","4494","1022","25","2021-04-15 20:19:00.845"
"1310","4507","1022","190","2021-04-15 20:19:00.845"
"1311","4514","1018","22","2021-04-15 20:19:03.936"
"1312","4492","1017","8","2021-04-15 20:19:03.936"
"1313","4500","1017","21","2021-04-15 20:19:03.936"
"1314","4517","1026","79","2021-04-15 20:19:10.218"
"1315","4521","1018","22","2021-04-15 20:19:36.708"
"1316","4472","1016","66","2021-04-15 20:19:36.708"
"1317","4510","1016","24","2021-04-15 20:19:36.708"
"1318","4447","1015","33","2021-04-15 20:19:36.708"
"1319","4525","1025","75","2021-04-15 20:19:56.022"
"1320","4525","1025","213","2021-04-15 20:20:06.683"
"1321","4525","1025","19","2021-04-15 20:20:19.326"
"1322","4520","1026","33","2021-04-15 20:20:19.326"
"1323","4533","1017","21","2021-04-15 20:20:22.583"
"1324","4528","1016","35","2021-04-15 20:20:22.583"
"1325","4534","1016","26","2021-04-15 20:20:22.583"
"1326","4447","1015","49","2021-04-15 20:20:22.583"
"1327","4542","1016","20","2021-04-15 20:21:22.677"
"1328","4546","1020","43","2021-04-15 20:21:33.876"
"1329","4550","1018","26","2021-04-15 20:22:00.088"
"1330","4554","1017","86","2021-04-15 20:22:00.088"
"1331","4552","1021","43","2021-04-15 20:22:31.891"
"1332","4558","1022","29","2021-04-15 20:22:31.891"
"1333","4576","1016","47","2021-04-15 20:23:35.589"
"1334","4582","1018","86","2021-04-15 20:24:00.898"
"1335","4582","1018","66","2021-04-15 20:24:03.716"
"1336","4566","1019","27","2021-04-15 20:24:03.716"
"1337","4588","1017","56","2021-04-15 20:24:26.713"
"1338","4601","1020","43","2021-04-15 20:24:33.791"
"1339","4602","1021","8","2021-04-15 20:24:33.791"
"1340","4612","1018","23","2021-04-15 20:24:40.273"
"1341","4588","1017","30","2021-04-15 20:24:40.273"
"1342","4615","1020","80","2021-04-15 20:24:45.104"
"1343","4621","1019","23","2021-04-15 20:24:51.446"
"1344","4615","1020","105","2021-04-15 20:24:51.446"
"1345","4615","1020","44","2021-04-15 20:24:51.640"
"1346","4605","1021","7","2021-04-15 20:24:51.640"
"1347","4617","1018","31","2021-04-15 20:24:54.439"
"1348","4588","1017","31","2021-04-15 20:24:54.439"
"1349","4619","1017","25","2021-04-15 20:24:54.439"
"1350","4624","1017","16","2021-04-15 20:24:54.439"
"1351","4633","1021","26","2021-04-15 20:25:30.314"
"1352","4635","1022","51","2021-04-15 20:25:30.314"
"1353","4636","1022","18","2021-04-15 20:25:30.314"
"1354","4646","1019","64","2021-04-15 20:25:34.188"
"1355","4643","1018","32","2021-04-15 20:26:00.653"
"1356","4641","1017","32","2021-04-15 20:26:00.653"
"1357","4660","1018","104","2021-04-15 20:26:01.629"
"1358","4641","1017","82","2021-04-15 20:26:01.629"
"1359","4641","1017","74","2021-04-15 20:26:06.957"
"1360","4641","1017","64","2021-04-15 20:26:11.253"
"1361","4666","1020","89","2021-04-15 20:26:15.390"
"1362","4641","1017","64","2021-04-15 20:26:25.245"
"1363","4641","1017","61","2021-04-15 20:26:28.632"
"1364","4676","1018","24","2021-04-15 20:26:30.508"
"1365","4674","1019","25","2021-04-15 20:26:30.508"
"1366","4672","1020","29","2021-04-15 20:26:30.508"
"1367","4641","1017","81","2021-04-15 20:27:03.125"
"1368","4672","1020","17","2021-04-15 20:27:38.734"
"1369","4663","1021","56","2021-04-15 20:27:38.734"
"1370","4650","1022","107","2021-04-15 20:27:38.734"
"1371","4709","1019","27","2021-04-15 20:27:51.202"
"1372","4705","1018","22","2021-04-15 20:27:51.202"
"1373","4641","1017","121","2021-04-15 20:27:51.202"
"1374","4697","1017","529","2021-04-15 20:27:51.202"
"1375","4650","1022","202","2021-04-15 20:28:08.032"
"1376","4652","1022","109","2021-04-15 20:28:43.761"
"1377","4752","1021","23","2021-04-15 20:28:57.799"
"1378","4756","1024","106","2021-04-15 20:29:05.078"
"1379","4744","1019","53","2021-04-15 20:29:08.278"
"1380","4759","1018","60","2021-04-15 20:29:12.143"
"1381","4697","1017","22","2021-04-15 20:29:12.143"
"1382","4697","1017","101","2021-04-15 20:29:14.186"
"1383","4767","1027","41","2021-04-15 20:29:18.381"
"1384","4760","1028","31","2021-04-15 20:29:18.381"
"1385","4697","1017","79","2021-04-15 20:29:18.681"
"1386","4775","1023","207","2021-04-15 20:29:22.531"
"1387","4773","1024","27","2021-04-15 20:29:22.531"
"1388","4782","1021","30","2021-04-15 20:29:40.220"
"1389","4780","1022","32","2021-04-15 20:29:40.220"
"1390","4789","1022","7","2021-04-15 20:29:40.220"
"1391","4789","1022","23","2021-04-15 20:29:41.833"
"1392","4802","1022","28","2021-04-15 20:30:06.703"
"1393","4795","1023","36","2021-04-15 20:30:06.703"
"1394","4794","1018","104","2021-04-15 20:30:11.247"
"1395","4811","1025","39","2021-04-15 20:30:21.854"
"1396","4809","1026","22","2021-04-15 20:30:21.854"
"1397","4812","1026","64","2021-04-15 20:30:21.854"
"1398","4697","1017","66","2021-04-15 20:30:24.803"
"1399","4818","1016","71","2021-04-15 20:30:24.803"
"1400","4823","1015","116","2021-04-15 20:30:57.263"
"1401","4828","1014","85","2021-04-15 20:30:57.263"
"1402","4844","1021","47","2021-04-15 20:31:56.873"
"1403","4842","1022","12","2021-04-15 20:31:56.873"
"1404","4843","1017","103","2021-04-15 20:32:00.767"
"1405","4836","1016","49","2021-04-15 20:32:00.767"
"1406","4857","1020","21","2021-04-15 20:32:11.244"
"1407","4856","1021","77","2021-04-15 20:32:11.244"
"1408","4853","1022","42","2021-04-15 20:32:11.244"
"1409","4873","1016","61","2021-04-15 20:32:22.005"
"1410","4852","1015","46","2021-04-15 20:32:22.005"
"1411","4852","1015","3","2021-04-15 20:32:22.436"
"1412","4867","1015","61","2021-04-15 20:32:22.436"
"1413","4868","1020","45","2021-04-15 20:32:29.202"
"1414","4860","1021","37","2021-04-15 20:32:29.202"
"1415","4882","1021","13","2021-04-15 20:32:29.202"
"1416","4882","1021","25","2021-04-15 20:32:36.023"
"1417","4853","1022","101","2021-04-15 20:32:36.023"
"1418","4863","1022","7","2021-04-15 20:32:36.023"
"1419","4901","1019","20","2021-04-15 20:33:09.878"
"1420","4900","1020","30","2021-04-15 20:33:09.878"
"1421","4893","1021","27","2021-04-15 20:33:09.878"
"1422","4893","1021","16","2021-04-15 20:33:11.250"
"1423","4863","1022","17","2021-04-15 20:33:11.250"
"1424","4848","1023","22","2021-04-15 20:33:11.250"
"1425","4898","1017","88","2021-04-15 20:33:16.165"
"1426","4908","1021","116","2021-04-15 20:33:37.654"
"1427","4917","1021","2","2021-04-15 20:33:37.654"
"1428","4905","1022","25","2021-04-15 20:33:42.891"
"1429","4848","1023","10","2021-04-15 20:33:42.891"
"1430","4854","1023","31","2021-04-15 20:33:42.891"
"1431","4922","1023","39","2021-04-15 20:33:42.891"
"1432","4839","1025","33","2021-04-15 20:33:42.891"
"1433","4817","1027","65","2021-04-15 20:33:42.891"
"1434","4928","1019","38","2021-04-15 20:33:47.497"
"1435","4921","1018","48","2021-04-15 20:33:47.497"
"1436","4906","1017","27","2021-04-15 20:33:47.497"
"1437","4925","1017","8","2021-04-15 20:33:47.497"
"1438","4930","1018","46","2021-04-15 20:33:49.295"
"1439","4925","1017","10","2021-04-15 20:33:49.295"
"1440","4933","1018","40","2021-04-15 20:33:50.448"
"1441","4925","1017","14","2021-04-15 20:33:50.448"
"1442","4910","1016","26","2021-04-15 20:33:50.448"
"1443","4913","1016","95","2021-04-15 20:33:50.448"
"1444","4914","1016","47","2021-04-15 20:33:50.448"
"1445","4867","1015","38","2021-04-15 20:33:50.448"
"1446","4895","1015","90","2021-04-15 20:33:50.448"
"1447","4897","1015","42","2021-04-15 20:33:50.448"
"1448","4883","1014","24","2021-04-15 20:33:50.448"
"1449","4941","1017","21","2021-04-15 20:33:55.192"
"1450","4940","1016","31","2021-04-15 20:33:55.192"
"1451","4949","1024","36","2021-04-15 20:34:02.632"
"1452","4948","1025","25","2021-04-15 20:34:02.632"
"1453","4938","1015","49","2021-04-15 20:34:05.096"
"1454","4955","1023","42","2021-04-15 20:34:06.485"
"1455","4967","1009","119","2021-04-15 20:34:17.465"
"1456","4989","1010","138","2021-04-15 20:34:30.463"
"1457","4997","1018","27","2021-04-15 20:34:40.074"
"1458","4993","1019","22","2021-04-15 20:34:40.074"
"1459","4996","1020","22","2021-04-15 20:34:40.074"
"1460","4996","1020","70","2021-04-15 20:34:44.815"
"1461","5012","1021","23","2021-04-15 20:34:44.815"
"1462","5039","1018","30","2021-04-15 20:34:59.316"
"1463","5020","1019","30","2021-04-15 20:34:59.316"
"1464","5043","1019","21","2021-04-15 20:34:59.316"
"1465","5044","1019","32","2021-04-15 20:34:59.316"
"1466","5044","1019","4","2021-04-15 20:35:01.897"
"1467","5037","1020","54","2021-04-15 20:35:01.897"
"1468","5013","1021","11","2021-04-15 20:35:01.897"
"1469","5052","1020","23","2021-04-15 20:35:04.004"
"1470","5013","1021","14","2021-04-15 20:35:04.004"
"1471","5014","1021","24","2021-04-15 20:35:04.004"
"1472","5040","1015","28","2021-04-15 20:35:09.103"
"1473","5061","1020","29","2021-04-15 20:35:13.182"
"1474","5014","1021","29","2021-04-15 20:35:13.182"
"1475","5015","1021","52","2021-04-15 20:35:13.182"
"1476","5079","1020","23","2021-04-15 20:35:14.381"
"1477","5015","1021","7","2021-04-15 20:35:14.381"
"1478","5016","1021","35","2021-04-15 20:35:14.382"
"1479","5053","1021","28","2021-04-15 20:35:14.382"
"1480","5104","1016","110","2021-04-15 20:35:24.284"
"1481","5094","1015","29","2021-04-15 20:35:26.114"
"1482","5110","1015","33","2021-04-15 20:35:26.114"
"1483","5110","1015","17","2021-04-15 20:35:26.117"
"1484","5086","1014","32","2021-04-15 20:35:26.117"
"1485","5106","1020","58","2021-04-15 20:35:26.303"
"1486","5053","1021","6","2021-04-15 20:35:26.303"
"1487","5062","1021","6","2021-04-15 20:35:26.303"
"1488","5116","1019","37","2021-04-15 20:35:40.644"
"1489","5129","1019","306","2021-04-15 20:35:40.644"
"1490","5130","1020","89","2021-04-15 20:35:59.341"
"1491","5062","1021","16","2021-04-15 20:35:59.341"
"1492","5096","1021","36","2021-04-15 20:35:59.341"
"1493","5097","1021","50","2021-04-15 20:35:59.341"
"1494","5109","1021","169","2021-04-15 20:35:59.341"
"1495","5112","1021","20","2021-04-15 20:35:59.341"
"1496","5128","1021","32","2021-04-15 20:35:59.341"
"1497","5132","1021","127","2021-04-15 20:35:59.341"
"1498","5135","1021","39","2021-04-15 20:35:59.341"
"1499","5138","1021","239","2021-04-15 20:35:59.341"
"1500","5140","1021","25","2021-04-15 20:35:59.341"
"1501","5141","1021","22","2021-04-15 20:35:59.341"
"1502","5088","1022","29","2021-04-15 20:35:59.341"
"1503","5118","1022","105","2021-04-15 20:35:59.341"
"1504","5142","1014","380","2021-04-15 20:36:01.418"
"1505","5139","1013","90","2021-04-15 20:36:01.418"
"1506","5149","1014","25","2021-04-15 20:36:12.960"
"1507","5139","1013","87","2021-04-15 20:36:12.960"
"1508","5155","1014","90","2021-04-15 20:36:15.117"
"1509","5164","1021","30","2021-04-15 20:36:22.187"
"1510","5161","1022","49","2021-04-15 20:36:22.187"
"1511","5161","1022","9","2021-04-15 20:36:30.197"
"1512","5159","1023","36","2021-04-15 20:36:30.197"
"1513","5168","1017","59","2021-04-15 20:36:31.725"
"1514","5162","1016","69","2021-04-15 20:36:31.725"
"1515","5160","1015","40","2021-04-15 20:36:31.725"
"1516","5166","1015","26","2021-04-15 20:36:31.725"
"1517","5191","1018","32","2021-04-15 20:37:31.253"
"1518","5197","1018","457","2021-04-15 20:37:31.253"
"1519","5198","1018","6","2021-04-15 20:37:31.253"
"1520","5208","1017","37","2021-04-15 20:37:55.785"
"1521","5174","1016","13","2021-04-15 20:37:55.785"
"1522","5225","1016","25","2021-04-15 20:38:20.564"
"1523","5166","1015","14","2021-04-15 20:38:20.564"
"1524","5204","1015","127","2021-04-15 20:38:20.564"
"1525","5218","1015","33","2021-04-15 20:38:20.564"
"1526","5219","1015","79","2021-04-15 20:38:20.564"
"1527","5222","1017","76","2021-04-15 20:38:23.763"
"1528","5222","1017","51","2021-04-15 20:38:28.742"
"1529","5246","1015","26","2021-04-15 20:39:28.193"
"1530","5252","1015","37","2021-04-15 20:39:28.193"
"1531","5258","1015","21","2021-04-15 20:39:28.193"
"1532","5259","1015","21","2021-04-15 20:39:28.193"
"1533","5243","1016","97","2021-04-15 20:39:28.193"
"1534","5249","1016","22","2021-04-15 20:39:28.193"
"1535","5250","1016","78","2021-04-15 20:39:28.193"
"1536","5222","1017","185","2021-04-15 20:39:28.193"
"1537","5226","1017","47","2021-04-15 20:39:28.193"
"1538","5206","1018","72","2021-04-15 20:39:28.193"
"1539","5210","1018","36","2021-04-15 20:39:28.193"
"1540","5223","1018","43","2021-04-15 20:39:28.193"
"1541","5233","1018","27","2021-04-15 20:39:28.193"
"1542","5190","1019","37","2021-04-15 20:39:28.193"
"1543","5201","1019","27","2021-04-15 20:39:28.193"
"1544","5212","1019","23","2021-04-15 20:39:28.193"
"1545","5215","1019","28","2021-04-15 20:39:28.193"
"1546","5216","1019","45","2021-04-15 20:39:28.193"
"1547","5184","1020","34","2021-04-15 20:39:28.193"
"1548","5181","1021","36","2021-04-15 20:39:28.193"
"1549","5179","1023","85","2021-04-15 20:39:28.193"
"1550","5269","1022","62","2021-04-15 20:39:33.588"
"1551","5261","1023","51","2021-04-15 20:39:33.588"
"1552","5261","1023","53","2021-04-15 20:39:35.183"
"1553","5286","1021","50","2021-04-15 20:39:59.703"
"1554","5290","1018","96","2021-04-15 20:40:03.035"
"1555","5294","1020","34","2021-04-15 20:40:10.853"
"1556","5286","1021","103","2021-04-15 20:40:10.853"
"1557","5295","1021","21","2021-04-15 20:40:10.853"
"1558","5298","1021","112","2021-04-15 20:40:10.853"
"1559","5302","1019","28","2021-04-15 20:40:16.871"
"1560","5306","1019","40","2021-04-15 20:40:16.871"
"1561","5305","1020","48","2021-04-15 20:40:18.018"
"1562","5306","1019","11","2021-04-15 20:40:18.471"
"1563","5297","1018","24","2021-04-15 20:40:18.471"
"1564","5315","1018","49","2021-04-15 20:40:18.471"
"1565","5289","1017","3","2021-04-15 20:40:18.471"
"1566","5326","1018","59","2021-04-15 20:40:29.477"
"1567","5329","1025","55","2021-04-15 20:40:32.126"
"1568","5328","1026","20","2021-04-15 20:40:32.126"
"1569","5325","1027","24","2021-04-15 20:40:32.126"
"1570","5326","1018","25","2021-04-15 20:40:34.232"
"1571","5289","1017","36","2021-04-15 20:40:34.232"
"1572","5334","1019","79","2021-04-15 20:40:45.558"
"1573","5338","1019","49","2021-04-15 20:40:45.558"
"1574","5341","1019","36","2021-04-15 20:40:45.558"
"1575","5331","1020","81","2021-04-15 20:40:45.558"
"1576","5336","1018","67","2021-04-15 20:40:49.357"
"1577","5337","1018","8","2021-04-15 20:40:49.357"
"1578","5337","1018","12","2021-04-15 20:40:57.358"
"1579","5289","1017","41","2021-04-15 20:40:57.358"
"1580","5361","1018","74","2021-04-15 20:41:04.962"
"1581","5374","1021","36","2021-04-15 20:41:16.677"
"1582","5377","1021","21","2021-04-15 20:41:16.677"
"1583","5368","1020","102","2021-04-15 20:41:27.856"
"1584","5368","1020","50","2021-04-15 20:41:35.169"
"1585","5368","1020","157","2021-04-15 20:41:36.423"
"1586","5368","1020","89","2021-04-15 20:42:53.989"
"1587","5368","1020","50","2021-04-15 20:42:57.866"
"1588","5368","1020","176","2021-04-15 20:43:04.529"
"1589","5368","1020","79","2021-04-15 20:43:22.903"
"1590","5368","1020","1598","2021-04-15 20:43:31.897"
"1591","5402","1021","40","2021-04-15 20:43:33.804"
"1592","5413","1021","81","2021-04-15 20:43:33.804"
"1593","5413","1021","77","2021-04-15 20:43:43.665"
"1594","5413","1021","48","2021-04-15 20:43:51.023"
"1595","5417","1021","101","2021-04-15 20:43:51.023"
"1596","5432","1021","27","2021-04-15 20:43:51.023"
"1597","5435","1021","36","2021-04-15 20:43:51.023"
"1598","5460","1021","32","2021-04-15 20:43:51.023"
"1599","5373","1022","23","2021-04-15 20:43:51.023"
"1600","5392","1022","30","2021-04-15 20:43:51.023"
"1601","5426","1022","23","2021-04-15 20:43:51.023"
"1602","5464","1022","58","2021-04-15 20:43:51.023"
"1603","5348","1025","21","2021-04-15 20:43:51.023"
"1604","5470","1029","62","2021-04-15 20:43:52.865"
"1605","5368","1020","73","2021-04-15 20:43:57.149"
"1606","5475","1023","24","2021-04-15 20:44:07.168"
"1607","5481","1021","30","2021-04-15 20:44:12.239"
"1608","5418","1020","57","2021-04-15 20:44:12.239"
"1609","5418","1020","73","2021-04-15 20:44:24.319"
"1610","5450","1020","23","2021-04-15 20:44:24.319"
"1611","5507","1021","62","2021-04-15 20:45:04.828"
"1612","5507","1021","133","2021-04-15 20:45:05.174"
"1613","5507","1021","1","2021-04-15 20:45:16.864"
"1614","5528","1021","60","2021-04-15 20:45:16.864"
"1615","5467","1020","97","2021-04-15 20:45:16.864"
"1616","5522","1020","79","2021-04-15 20:45:16.864"
"1617","5378","1019","63","2021-04-15 20:45:16.864"
"1618","5438","1019","36","2021-04-15 20:45:16.864"
"1619","5451","1019","59","2021-04-15 20:45:16.864"
"1620","5473","1019","37","2021-04-15 20:45:16.864"
"1621","5473","1019","262","2021-04-15 20:45:25.622"
"1622","5492","1019","494","2021-04-15 20:45:25.622"
"1623","5287","1015","25","2021-04-15 20:45:28.707"
"1624","5257","1014","100","2021-04-15 20:45:28.707"
"1625","5550","1013","52","2021-04-15 20:45:45.494"
"1626","5515","1022","31","2021-04-15 20:45:46.110"
"1627","5523","1022","50","2021-04-15 20:45:46.110"
"1628","5531","1022","26","2021-04-15 20:45:46.110"
"1629","5566","1022","23","2021-04-15 20:45:46.110"
"1630","5529","1023","19","2021-04-15 20:45:46.110"
"1631","5529","1023","36","2021-04-15 20:45:48.693"
"1632","5535","1023","43","2021-04-15 20:45:48.693"
"1633","5543","1023","62","2021-04-15 20:45:57.142"
"1634","5548","1023","36","2021-04-15 20:45:57.142"
"1635","5551","1023","31","2021-04-15 20:45:57.142"
"1636","5601","1021","53","2021-04-15 20:46:17.143"
"1637","5605","1020","21","2021-04-15 20:46:17.826"
"1638","5601","1021","7","2021-04-15 20:46:17.826"
"1639","5595","1022","25","2021-04-15 20:46:17.826"
"1640","5602","1022","12","2021-04-15 20:46:17.826"
"1641","5589","1014","35","2021-04-15 20:46:21.153"
"1642","5556","1013","24","2021-04-15 20:46:21.153"
"1643","5602","1022","37","2021-04-15 20:46:36.387"
"1644","5551","1023","9","2021-04-15 20:46:36.387"
"1645","5559","1023","54","2021-04-15 20:46:36.387"
"1646","5628","1018","33","2021-04-15 20:46:49.488"
"1647","5627","1017","21","2021-04-15 20:46:49.488"
"1648","5622","1022","64","2021-04-15 20:46:50.432"
"1649","5627","1017","47","2021-04-15 20:46:51.638"
"1650","5632","1016","33","2021-04-15 20:46:51.638"
"1651","5631","1021","99","2021-04-15 20:46:52.495"
"1652","5638","1020","25","2021-04-15 20:46:56.295"
"1653","5631","1021","92","2021-04-15 20:46:56.295"
"1654","5622","1022","118","2021-04-15 20:46:56.295"
"1655","5622","1022","72","2021-04-15 20:46:59.867"
"1656","5649","1013","26","2021-04-15 20:47:05.945"
"1657","5637","1022","51","2021-04-15 20:47:06.277"
"1658","5641","1023","24","2021-04-15 20:47:06.277"
"1659","5642","1023","459","2021-04-15 20:47:06.277"
"1660","5616","1024","25","2021-04-15 20:47:06.277"
"1661","5658","1008","22","2021-04-15 20:47:09.873"
"1662","5669","1017","52","2021-04-15 20:47:13.474"
"1663","5676","1021","38","2021-04-15 20:47:20.795"
"1664","5674","1011","59","2021-04-15 20:47:22.836"
"1665","5673","1010","23","2021-04-15 20:47:22.836"
"1666","5681","1008","28","2021-04-15 20:47:26.767"
"1667","5692","1012","32","2021-04-15 20:47:35.150"
"1668","5695","1013","23","2021-04-15 20:47:35.150"
"1669","5699","1015","44","2021-04-15 20:47:38.569"
"1670","5697","1016","41","2021-04-15 20:47:38.569"
"1671","5705","1005","29","2021-04-15 20:47:55.905"
"1672","5710","1004","35","2021-04-15 20:47:55.905"
"1673","5717","1005","28","2021-04-15 20:47:57.262"
"1674","5710","1004","14","2021-04-15 20:47:57.262"
"1675","5714","1004","10","2021-04-15 20:47:57.262"
"1676","5727","1010","31","2021-04-15 20:48:13.611"
"1677","5720","1011","33","2021-04-15 20:48:13.611"
"1678","5737","1010","42","2021-04-15 20:48:37.416"
"1679","5720","1011","44","2021-04-15 20:48:37.416"
"1680","5754","1011","60","2021-04-15 20:48:54.588"
"1681","5753","1008","33","2021-04-15 20:48:59.826"
"1682","5751","1007","21","2021-04-15 20:48:59.826"
"1683","5726","1012","25","2021-04-15 20:49:03.164"
"1684","5763","1014","34","2021-04-15 20:49:10.564"
"1685","5751","1007","5","2021-04-15 20:49:15.468"
"1686","5747","1006","33","2021-04-15 20:49:15.468"
"1687","5764","1006","43","2021-04-15 20:49:15.468"
"1688","5744","1005","38","2021-04-15 20:49:15.468"
"1689","5722","1004","72","2021-04-15 20:49:15.468"
"1690","5736","1004","129","2021-04-15 20:49:15.468"
"1691","5736","1004","343","2021-04-15 20:49:35.770"
"1692","5769","1008","21","2021-04-15 20:49:45.967"
"1693","5777","1013","34","2021-04-15 20:49:59.945"
"1694","5785","1012","23","2021-04-15 20:50:04.410"
"1695","5783","1007","34","2021-04-15 20:50:05.722"
"1696","5793","1006","97","2021-04-15 20:50:05.722"
"1697","5813","1016","27","2021-04-15 20:50:11.574"
"1698","5807","1017","21","2021-04-15 20:50:11.574"
"1699","5801","1018","15","2021-04-15 20:50:11.574"
"1700","5801","1018","13","2021-04-15 20:50:11.723"
"1701","5810","1018","20","2021-04-15 20:50:11.723"
"1702","5803","1019","56","2021-04-15 20:50:11.723"
"1703","5820","1012","67","2021-04-15 20:50:15.859"
"1704","5808","1011","14","2021-04-15 20:50:15.859"
"1705","5827","1012","48","2021-04-15 20:50:19.642"
"1706","5808","1011","69","2021-04-15 20:50:19.642"
"1707","5832","1011","23","2021-04-15 20:50:19.642"
"1708","5833","1011","21","2021-04-15 20:50:19.642"
"1709","5833","1011","30","2021-04-15 20:50:23.018"
"1710","5837","1010","25","2021-04-15 20:50:23.018"
"1711","5844","1018","50","2021-04-15 20:50:25.766"
"1712","5842","1019","38","2021-04-15 20:50:25.766"
"1713","5817","1020","65","2021-04-15 20:50:25.766"
"1714","5836","1021","32","2021-04-15 20:50:25.766"
"1715","5863","1022","35","2021-04-15 20:50:38.733"
"1716","5873","1023","52","2021-04-15 20:50:38.733"
"1717","5867","1017","65","2021-04-15 20:50:51.565"
"1718","5889","1018","51","2021-04-15 20:51:20.140"
"1719","5892","1018","25","2021-04-15 20:51:20.140"
"1720","5895","1018","84","2021-04-15 20:51:20.140"
"1721","5897","1018","31","2021-04-15 20:51:20.140"
"1722","5886","1020","34","2021-04-15 20:51:20.140"
"1723","5867","1017","1","2021-04-15 20:51:24.546"
"1724","5896","1017","25","2021-04-15 20:51:24.546"
"1725","5900","1016","29","2021-04-15 20:51:24.546"
"1726","5902","1018","55","2021-04-15 20:51:29.578"
"1727","5919","1007","28","2021-04-15 20:51:41.290"
"1728","5917","1006","23","2021-04-15 20:51:41.290"
"1729","5920","1006","23","2021-04-15 20:51:41.290"
"1730","5921","1006","107","2021-04-15 20:51:41.290"
"1731","5935","1014","44","2021-04-15 20:52:19.357"
"1732","5930","1013","39","2021-04-15 20:52:19.357"
"1733","5929","1012","33","2021-04-15 20:52:19.357"
"1734","5932","1012","27","2021-04-15 20:52:19.357"
"1735","5933","1012","16","2021-04-15 20:52:19.357"
"1736","5948","1007","22","2021-04-15 20:54:07.017"
"1737","5951","1006","20","2021-04-15 20:54:07.017"
"1738","5953","1006","29","2021-04-15 20:54:07.017"
"1739","5957","1006","6","2021-04-15 20:54:07.017"
"1740","5952","1013","45","2021-04-15 20:54:07.853"
"1741","5958","1014","6","2021-04-15 20:54:07.853"
"1742","5966","1013","25","2021-04-15 20:54:23.112"
"1743","5958","1014","14","2021-04-15 20:54:23.112"
"1744","5960","1014","35","2021-04-15 20:54:23.112"
"1745","5968","1014","34","2021-04-15 20:54:23.112"
"1746","5931","1015","31","2021-04-15 20:54:23.112"
"1747","5927","1016","30","2021-04-15 20:54:27.696"
"1748","5913","1017","31","2021-04-15 20:54:27.696"
"1749","5926","1018","22","2021-04-15 20:54:27.696"
"1750","5983","1008","124","2021-04-15 20:54:39.324"
"1751","5965","1007","17","2021-04-15 20:54:39.324"
"1752","5965","1007","18","2021-04-15 20:54:42.269"
"1753","5957","1006","67","2021-04-15 20:54:42.269"
"1754","5961","1006","31","2021-04-15 20:54:42.269"
"1755","5993","1017","114","2021-04-15 20:54:49.600"
"1756","5994","1018","51","2021-04-15 20:55:06.000"
"1757","6005","1013","37","2021-04-15 20:55:33.015"
"1758","6006","1012","40","2021-04-15 20:55:33.015"
"1759","6007","1012","61","2021-04-15 20:57:01.574"
"1760","6049","1012","35","2021-04-15 20:57:01.574"
"1761","6066","1012","75","2021-04-15 20:57:25.891"
"1762","6059","1013","21","2021-04-15 20:57:25.892"
"1763","6059","1013","108","2021-04-15 20:57:46.885"
"1764","6067","1013","62","2021-04-15 20:57:46.885"
"1765","6035","1014","23","2021-04-15 20:57:46.885"
"1766","6064","1014","29","2021-04-15 20:57:46.885"
"1767","6065","1014","1","2021-04-15 20:57:46.885"
"1768","6074","1013","26","2021-04-15 20:58:06.840"
"1769","6065","1014","37","2021-04-15 20:58:06.840"
"1770","6081","1013","56","2021-04-15 20:58:11.229"
"1771","6063","1009","565","2021-04-15 20:58:23.799"
"1772","6069","1009","73","2021-04-15 20:58:23.799"
"1773","6089","1008","16","2021-04-15 20:58:23.799"
"1774","6101","1009","28","2021-04-15 20:59:12.783"
"1775","6089","1008","21","2021-04-15 20:59:12.783"
"1776","6091","1008","26","2021-04-15 20:59:12.783"
"1777","6119","1005","92","2021-04-15 20:59:41.248"
"1778","6128","1002","119","2021-04-15 21:00:11.593"
"1779","6128","1002","147","2021-04-15 21:00:15.020"
"1780","6134","1006","26","2021-04-15 21:00:20.372"
"1781","6133","1007","46","2021-04-15 21:00:20.372"
"1782","6150","1006","21","2021-04-15 21:00:27.133"
"1783","6133","1007","205","2021-04-15 21:00:27.133"
"1784","6165","1004","22","2021-04-15 21:00:34.946"
"1785","6164","1005","50","2021-04-15 21:00:34.946"
"1786","6164","1005","41","2021-04-15 21:00:35.446"
"1787","6167","1005","127","2021-04-15 21:00:35.446"
"1788","6152","1006","34","2021-04-15 21:00:35.446"
"1789","6156","1006","57","2021-04-15 21:00:35.446"
"1790","6137","1007","56","2021-04-15 21:00:35.446"
"1791","6177","1003","73","2021-04-15 21:00:37.889"
"1792","6176","1004","39","2021-04-15 21:00:41.901"
"1793","6178","1004","24","2021-04-15 21:00:41.901"
"1794","6212","1001","27","2021-04-15 21:00:53.583"
"1795","6215","1001","133","2021-04-15 21:00:53.583"
"1796","6203","1000","31","2021-04-15 21:00:53.583"
"1797","6205","1000","23","2021-04-15 21:00:53.583"
"1798","6213","1000","42","2021-04-15 21:00:53.583"
"1799","6219","1001","210","2021-04-15 21:00:59.233"
"1800","6218","1000","21","2021-04-15 21:01:00.939"
"1801","6220","1000","55","2021-04-15 21:01:00.939"
"1802","6219","1001","61","2021-04-15 21:01:19.200"
"1803","6224","1000","39","2021-04-15 21:01:19.201"
"1804","6239","1000","29","2021-04-15 21:01:19.201"
"1805","6228","999","21","2021-04-15 21:01:19.201"
"1806","6229","999","32","2021-04-15 21:01:19.201"
"1807","6236","999","96","2021-04-15 21:01:19.201"
"1808","6245","1000","45","2021-04-15 21:01:26.171"
"1809","6252","1000","35","2021-04-15 21:01:26.171"
"1810","6253","1000","40","2021-04-15 21:01:26.171"
"1811","6236","999","31","2021-04-15 21:01:26.171"
"1812","6237","999","27","2021-04-15 21:01:26.171"
"1813","6248","999","34","2021-04-15 21:01:26.171"
"1814","6251","999","69","2021-04-15 21:01:26.171"
"1815","6271","998","35","2021-04-15 21:01:43.333"
"1816","6268","997","34","2021-04-15 21:01:43.333"
"1817","6273","997","8","2021-04-15 21:01:43.333"
"1818","6273","997","14","2021-04-15 21:01:58.763"
"1819","6294","996","38","2021-04-15 21:02:52.145"
"1820","6290","997","74","2021-04-15 21:02:52.145"
"1821","6295","990","43","2021-04-15 21:02:52.779"
"1822","6309","995","33","2021-04-15 21:03:06.773"
"1823","6308","996","132","2021-04-15 21:03:06.773"
"1824","6290","997","35","2021-04-15 21:03:16.550"
"1825","6299","997","85","2021-04-15 21:03:16.550"
"1826","6275","998","157","2021-04-15 21:03:16.550"
"1827","6279","998","66","2021-04-15 21:03:16.550"
"1828","6302","998","27","2021-04-15 21:03:16.550"
"1829","6306","998","133","2021-04-15 21:03:16.550"
"1830","6270","999","46","2021-04-15 21:03:16.550"
"1831","6283","999","28","2021-04-15 21:03:16.550"
"1832","6286","999","997","2021-04-15 21:03:16.550"
"1833","6289","999","22","2021-04-15 21:03:16.550"
"1834","6256","1000","126","2021-04-15 21:03:16.550"
"1835","6219","1001","108","2021-04-15 21:03:16.550"
"1836","6321","999","91","2021-04-15 21:03:38.552"
"1837","6320","1000","11","2021-04-15 21:03:38.552"
"1838","6332","994","28","2021-04-15 21:03:50.984"
"1839","6333","994","67","2021-04-15 21:03:50.984"
"1840","6334","994","56","2021-04-15 21:03:50.984"
"1841","6324","993","36","2021-04-15 21:03:50.984"
"1842","6318","992","34","2021-04-15 21:03:50.984"
"1843","6319","991","35","2021-04-15 21:03:50.984"
"1844","6322","991","38","2021-04-15 21:03:50.984"
"1845","6343","998","35","2021-04-15 21:04:00.975"
"1846","6335","999","245","2021-04-15 21:04:00.975"
"1847","6335","999","37","2021-04-15 21:04:03.754"
"1848","6320","1000","25","2021-04-15 21:04:03.754"
"1849","6338","1000","21","2021-04-15 21:04:03.754"
"1850","6339","1000","59","2021-04-15 21:04:03.754"
"1851","6340","1000","8","2021-04-15 21:04:03.754"
"1852","6357","999","50","2021-04-15 21:04:05.244"
"1853","6376","998","29","2021-04-15 21:04:14.651"
"1854","6357","999","15","2021-04-15 21:04:14.651"
"1855","6377","999","80","2021-04-15 21:04:14.651"
"1856","6381","999","67","2021-04-15 21:04:14.651"
"1857","6364","1000","78","2021-04-15 21:04:14.651"
"1858","6366","1000","21","2021-04-15 21:04:14.651"
"1859","6368","1000","693","2021-04-15 21:04:14.651"
"1860","6372","1000","134","2021-04-15 21:04:14.651"
"1861","6375","1000","165","2021-04-15 21:04:14.651"
"1862","6219","1001","381","2021-04-15 21:04:14.651"
"1863","6391","991","44","2021-04-15 21:04:26.529"
"1864","6389","990","54","2021-04-15 21:04:26.529"
"1865","6387","989","24","2021-04-15 21:04:26.529"
"1866","6219","1001","60","2021-04-15 21:04:26.530"
"1867","6219","1001","69","2021-04-15 21:04:47.785"
"1868","6370","988","63","2021-04-15 21:05:19.743"
"1869","6380","988","22","2021-04-15 21:05:19.743"
"1870","6395","987","27","2021-04-15 21:05:19.743"
"1871","6404","987","26","2021-04-15 21:05:19.743"
"1872","6405","987","37","2021-04-15 21:05:19.743"
"1873","6435","996","88","2021-04-15 21:05:59.965"
"1874","6440","996","26","2021-04-15 21:05:59.965"
"1875","6430","997","42","2021-04-15 21:05:59.965"
"1876","6457","987","43","2021-04-15 21:06:14.350"
"1877","6458","986","71","2021-04-15 21:06:14.350"
"1878","6460","986","83","2021-04-15 21:06:14.350"
"1879","6451","996","22","2021-04-15 21:06:22.781"
"1880","6445","997","32","2021-04-15 21:06:22.781"
"1881","6459","997","131","2021-04-15 21:06:22.781"
"1882","6481","987","34","2021-04-15 21:07:21.581"
"1883","6478","986","68","2021-04-15 21:07:21.581"
"1884","6478","986","89","2021-04-15 21:07:25.011"
"1885","6469","995","58","2021-04-15 21:07:26.660"
"1886","6459","997","1262","2021-04-15 21:07:26.660"
"1887","6459","997","128","2021-04-15 21:08:30.299"
"1888","6459","997","70","2021-04-15 21:08:40.068"
"1889","6514","998","89","2021-04-15 21:08:59.168"
"1890","6509","987","20","2021-04-15 21:09:24.297"
"1891","6514","998","175","2021-04-15 21:09:26.328"
"1892","6523","988","50","2021-04-15 21:09:58.904"
"1893","6522","989","63","2021-04-15 21:09:58.904"
"1894","6553","981","43","2021-04-15 21:10:27.099"
"1895","6533","982","30","2021-04-15 21:10:27.099"
"1896","6554","982","34","2021-04-15 21:10:27.099"
"1897","6558","982","34","2021-04-15 21:10:27.099"
"1898","6562","980","69","2021-04-15 21:10:39.158"
"1899","6551","979","3","2021-04-15 21:10:39.158"
"1900","6551","979","40","2021-04-15 21:10:42.099"
"1901","6552","979","58","2021-04-15 21:10:42.099"
"1902","6559","978","7","2021-04-15 21:10:42.099"
"1903","6559","978","19","2021-04-15 21:11:00.983"
"1904","6576","977","21","2021-04-15 21:11:00.983"
"1905","6561","983","44","2021-04-15 21:11:29.650"
"1906","6586","980","126","2021-04-15 21:11:41.377"
"1907","6590","981","86","2021-04-15 21:11:41.377"
"1908","6603","981","37","2021-04-15 21:11:58.206"
"1909","6601","982","62","2021-04-15 21:11:58.206"
"1910","6617","981","33","2021-04-15 21:12:17.470"
"1911","6601","982","66","2021-04-15 21:12:17.470"
"1912","6601","982","68","2021-04-15 21:12:18.270"
"1913","6601","982","355","2021-04-15 21:12:19.958"
"1914","6625","979","21","2021-04-15 21:12:26.091"
"1915","6624","978","70","2021-04-15 21:12:26.091"
"1916","6635","981","26","2021-04-15 21:12:29.576"
"1917","6601","982","115","2021-04-15 21:12:29.576"
"1918","6601","982","52","2021-04-15 21:12:30.337"
"1919","6645","985","27","2021-04-15 21:12:36.067"
"1920","6647","986","24","2021-04-15 21:12:36.067"
"1921","6653","979","41","2021-04-15 21:12:45.957"
"1922","6657","979","34","2021-04-15 21:12:45.957"
"1923","6683","982","22","2021-04-15 21:12:59.916"
"1924","6680","981","46","2021-04-15 21:12:59.916"
"1925","6681","981","19","2021-04-15 21:12:59.916"
"1926","6678","986","25","2021-04-15 21:13:09.812"
"1927","6688","986","29","2021-04-15 21:13:09.812"
"1928","6681","981","28","2021-04-15 21:13:26.334"
"1929","6686","980","74","2021-04-15 21:13:26.334"
"1930","6693","987","66","2021-04-15 21:13:28.766"
"1931","6704","980","66","2021-04-15 21:13:30.253"
"1932","6700","979","38","2021-04-15 21:14:09.235"
"1933","6703","978","45","2021-04-15 21:14:09.235"
"1934","6717","978","37","2021-04-15 21:14:09.235"
"1935","6724","979","23","2021-04-15 21:14:14.380"
"1936","6720","980","40","2021-04-15 21:14:14.380"
"1937","6730","983","92","2021-04-15 21:14:26.678"
"1938","6730","983","74","2021-04-15 21:14:35.644"
"1939","6754","980","21","2021-04-15 21:15:48.217"
"1940","6740","979","21","2021-04-15 21:15:48.217"
"1941","6748","988","27","2021-04-15 21:15:57.260"
"1942","6750","989","22","2021-04-15 21:15:57.260"
"1943","6785","981","20","2021-04-15 21:16:29.454"
"1944","6777","980","34","2021-04-15 21:16:29.454"
"1945","6778","980","12","2021-04-15 21:16:29.454"
"1946","6778","980","82","2021-04-15 21:16:33.247"
"1947","6766","979","14","2021-04-15 21:16:33.247"
"1948","6796","978","42","2021-04-15 21:16:35.765"
"1949","6764","977","24","2021-04-15 21:16:35.765"
"1950","6794","976","7","2021-04-15 21:16:35.765"
"1951","6788","987","53","2021-04-15 21:16:37.175"
"1952","6795","988","359","2021-04-15 21:16:37.175"
"1953","6803","980","26","2021-04-15 21:16:48.522"
