"OrderId","ClientOrderId","Price","Volume","DateTime"
"1","7","1000","27","2021-04-16 03:05:25.643"
"2","4","1001","77","2021-04-16 03:05:25.644"
"3","20","999","28","2021-04-16 03:05:43.062"
"4","23","999","85","2021-04-16 03:05:43.062"
"5","26","999","35","2021-04-16 03:05:43.062"
"6","15","998","17","2021-04-16 03:05:43.062"
"7","40","999","40","2021-04-16 03:05:44.182"
"8","30","1000","32","2021-04-16 03:05:44.182"
"9","15","998","69","2021-04-16 03:05:47.230"
"10","22","998","11","2021-04-16 03:05:47.230"
"11","22","998","23","2021-04-16 03:05:56.468"
"12","25","998","131","2021-04-16 03:05:56.468"
"13","27","998","28","2021-04-16 03:05:56.468"
"14","29","998","48","2021-04-16 03:05:56.468"
"15","45","999","45","2021-04-16 03:06:01.758"
"16","50","999","5","2021-04-16 03:06:01.758"
"17","60","998","118","2021-04-16 03:07:07.363"
"18","60","998","76","2021-04-16 03:07:14.401"
"19","50","999","31","2021-04-16 03:07:16.737"
"20","63","999","75","2021-04-16 03:07:16.737"
"21","63","999","60","2021-04-16 03:08:12.807"
"22","66","999","2","2021-04-16 03:08:12.807"
"23","60","998","222","2021-04-16 03:08:32.103"
"24","83","998","31","2021-04-16 03:08:32.103"
"25","95","998","23","2021-04-16 03:08:32.103"
"26","105","998","42","2021-04-16 03:08:32.103"
"27","107","998","67","2021-04-16 03:08:32.103"
"28","107","998","53","2021-04-16 03:08:40.002"
"29","66","999","71","2021-04-16 03:08:42.895"
"30","67","999","20","2021-04-16 03:08:42.896"
"31","116","999","77","2021-04-16 03:08:42.896"
"32","107","998","36","2021-04-16 03:08:57.046"
"33","114","998","22","2021-04-16 03:08:57.046"
"34","121","998","11","2021-04-16 03:08:57.046"
"35","121","998","57","2021-04-16 03:09:05.600"
"36","116","999","91","2021-04-16 03:09:15.625"
"37","118","999","31","2021-04-16 03:09:15.625"
"38","128","999","26","2021-04-16 03:09:15.625"
"39","121","998","160","2021-04-16 03:09:28.120"
"40","126","998","29","2021-04-16 03:09:28.120"
"41","141","998","44","2021-04-16 03:09:28.120"
"42","155","998","37","2021-04-16 03:09:28.120"
"43","161","998","31","2021-04-16 03:09:28.120"
"44","166","998","58","2021-04-16 03:09:28.120"
"45","128","999","27","2021-04-16 03:10:52.514"
"46","135","999","32","2021-04-16 03:10:52.514"
"47","135","999","2","2021-04-16 03:10:53.817"
"48","137","999","61","2021-04-16 03:10:53.817"
"49","138","999","43","2021-04-16 03:10:53.817"
"50","142","999","21","2021-04-16 03:10:53.817"
"51","157","999","65","2021-04-16 03:10:53.817"
"52","171","999","23","2021-04-16 03:10:53.817"
"53","187","999","30","2021-04-16 03:10:53.817"
"54","190","999","46","2021-04-16 03:10:53.817"
"55","199","999","54","2021-04-16 03:10:53.817"
"56","84","1000","32","2021-04-16 03:10:53.817"
"57","111","1000","10","2021-04-16 03:10:53.817"
"58","111","1000","37","2021-04-16 03:10:58.292"
"59","131","1000","24","2021-04-16 03:10:58.292"
"60","132","1000","21","2021-04-16 03:10:58.292"
"61","154","1000","125","2021-04-16 03:10:58.292"
"62","169","1000","6","2021-04-16 03:10:58.292"
"63","166","998","100","2021-04-16 03:11:02.431"
"64","166","998","56","2021-04-16 03:11:05.489"
"65","166","998","65","2021-04-16 03:11:10.611"
"66","179","1000","175","2021-04-16 03:11:14.566"
"67","179","1000","754","2021-04-16 03:11:49.181"
"68","248","1000","32","2021-04-16 03:11:49.181"
"69","255","1000","30","2021-04-16 03:11:49.181"
"70","250","1001","22","2021-04-16 03:11:49.181"
"71","223","999","23","2021-04-16 03:12:03.871"
"72","227","999","47","2021-04-16 03:12:03.871"
"73","227","999","118","2021-04-16 03:12:11.937"
"74","247","999","81","2021-04-16 03:12:11.937"
"75","273","1002","51","2021-04-16 03:12:24.173"
"76","270","1000","31","2021-04-16 03:12:32.725"
"77","247","999","15","2021-04-16 03:12:32.725"
"78","249","999","81","2021-04-16 03:12:32.725"
"79","280","1001","71","2021-04-16 03:12:43.669"
"80","280","1001","102","2021-04-16 03:13:22.945"
"81","286","1001","50","2021-04-16 03:13:22.945"
"82","285","1000","60","2021-04-16 03:13:31.222"
"83","286","1001","2","2021-04-16 03:13:42.279"
"84","294","1002","51","2021-04-16 03:13:42.279"
"85","294","1002","174","2021-04-16 03:13:58.893"
"86","336","1001","34","2021-04-16 03:14:16.448"
"87","285","1000","23","2021-04-16 03:14:16.448"
"88","288","1000","11","2021-04-16 03:14:16.448"
"89","341","1001","84","2021-04-16 03:14:19.729"
"90","288","1000","30","2021-04-16 03:14:19.729"
"91","294","1002","81","2021-04-16 03:14:26.390"
"92","294","1002","94","2021-04-16 03:14:31.649"
"93","294","1002","81","2021-04-16 03:14:36.494"
"94","294","1002","105","2021-04-16 03:14:38.408"
"95","306","1002","31","2021-04-16 03:14:38.408"
"96","312","1002","22","2021-04-16 03:14:38.408"
"97","346","1001","38","2021-04-16 03:14:39.449"
"98","351","1001","53","2021-04-16 03:14:39.449"
"99","355","1001","26","2021-04-16 03:14:39.449"
"100","356","1001","111","2021-04-16 03:14:39.449"
"101","359","1001","40","2021-04-16 03:14:39.449"
"102","363","1001","22","2021-04-16 03:14:39.449"
"103","365","1001","26","2021-04-16 03:14:39.449"
"104","371","1001","48","2021-04-16 03:14:39.449"
"105","288","1000","19","2021-04-16 03:14:39.449"
"106","297","1000","28","2021-04-16 03:14:39.449"
"107","304","1000","49","2021-04-16 03:14:39.449"
"108","310","1000","23","2021-04-16 03:14:39.449"
"109","354","1000","60","2021-04-16 03:14:39.449"
"110","361","1000","21","2021-04-16 03:14:39.449"
"111","251","999","51","2021-04-16 03:14:39.449"
"112","254","999","27","2021-04-16 03:14:39.449"
"113","276","999","43","2021-04-16 03:14:39.449"
"114","329","999","45","2021-04-16 03:14:39.449"
"115","343","999","95","2021-04-16 03:14:39.449"
"116","146","997","21","2021-04-16 03:14:39.449"
"117","208","997","57","2021-04-16 03:14:39.449"
"118","209","997","22","2021-04-16 03:14:39.449"
"119","312","1002","54","2021-04-16 03:14:41.121"
"120","403","999","77","2021-04-16 03:15:14.566"
"121","403","999","55","2021-04-16 03:15:32.051"
"122","427","1000","23","2021-04-16 03:15:32.522"
"123","408","1002","20","2021-04-16 03:15:32.522"
"124","416","1002","23","2021-04-16 03:15:32.522"
"125","439","1000","41","2021-04-16 03:16:05.065"
"126","442","1000","44","2021-04-16 03:16:05.065"
"127","403","999","3","2021-04-16 03:16:05.065"
"128","410","999","14","2021-04-16 03:16:05.065"
"129","410","999","17","2021-04-16 03:16:07.680"
"130","421","999","35","2021-04-16 03:16:07.680"
"131","430","999","35","2021-04-16 03:16:07.680"
"132","382","998","22","2021-04-16 03:16:07.680"
"133","394","998","22","2021-04-16 03:16:07.680"
"134","454","1000","21","2021-04-16 03:16:22.977"
"135","460","1000","26","2021-04-16 03:16:22.977"
"136","452","999","21","2021-04-16 03:16:22.977"
"137","459","999","14","2021-04-16 03:16:22.977"
"138","457","1001","75","2021-04-16 03:16:30.552"
"139","417","1002","107","2021-04-16 03:16:30.552"
"140","450","1002","61","2021-04-16 03:16:30.552"
"141","467","1002","45","2021-04-16 03:16:30.552"
"142","321","1003","29","2021-04-16 03:16:30.552"
"143","373","1003","4923","2021-04-16 03:16:30.552"
"144","373","1003","52","2021-04-16 03:16:32.216"
"145","480","1001","41","2021-04-16 03:16:47.221"
"146","479","1002","10","2021-04-16 03:16:47.221"
"147","479","1002","19","2021-04-16 03:16:58.673"
"148","401","1003","22","2021-04-16 03:16:58.673"
"149","471","1004","66","2021-04-16 03:16:58.673"
"150","477","1004","400","2021-04-16 03:16:58.673"
"151","477","1004","55","2021-04-16 03:17:23.169"
"152","484","1001","36","2021-04-16 03:17:32.570"
"153","482","1000","59","2021-04-16 03:17:32.571"
"154","489","1000","38","2021-04-16 03:17:32.571"
"155","459","999","24","2021-04-16 03:17:32.571"
"156","473","998","2","2021-04-16 03:17:32.571"
"157","473","998","53","2021-04-16 03:17:40.380"
"158","495","997","34","2021-04-16 03:17:40.381"
"159","503","1003","44","2021-04-16 03:17:53.841"
"160","478","1004","32","2021-04-16 03:17:53.841"
"161","501","999","91","2021-04-16 03:17:54.581"
"162","505","999","41","2021-04-16 03:17:54.581"
"163","500","998","299","2021-04-16 03:17:54.581"
"164","497","997","10","2021-04-16 03:17:54.581"
"165","508","996","66","2021-04-16 03:17:59.377"
"166","512","995","25","2021-04-16 03:18:02.892"
"167","522","994","100","2021-04-16 03:18:02.892"
"168","478","1004","72","2021-04-16 03:18:03.906"
"169","535","997","22","2021-04-16 03:18:10.892"
"170","478","1004","22","2021-04-16 03:18:18.558"
"171","547","1004","28","2021-04-16 03:18:18.558"
"172","486","1005","32","2021-04-16 03:18:18.558"
"173","540","1005","23","2021-04-16 03:18:18.558"
"174","546","999","42","2021-04-16 03:18:19.342"
"175","545","998","31","2021-04-16 03:18:19.342"
"176","551","998","49","2021-04-16 03:18:19.342"
"177","554","997","56","2021-04-16 03:18:24.091"
"178","558","996","48","2021-04-16 03:18:24.091"
"179","561","997","35","2021-04-16 03:18:26.037"
"180","555","998","29","2021-04-16 03:18:26.037"
"181","563","996","25","2021-04-16 03:18:27.464"
"182","567","996","70","2021-04-16 03:18:27.758"
"183","567","996","18","2021-04-16 03:18:27.824"
"184","557","998","51","2021-04-16 03:18:28.713"
"185","572","994","57","2021-04-16 03:18:29.410"
"186","576","1001","43","2021-04-16 03:18:33.205"
"187","572","994","59","2021-04-16 03:18:47.089"
"188","603","994","165","2021-04-16 03:19:36.390"
"189","624","995","24","2021-04-16 03:20:11.364"
"190","593","997","28","2021-04-16 03:20:11.364"
"191","601","997","40","2021-04-16 03:20:11.364"
"192","586","998","26","2021-04-16 03:20:25.210"
"193","584","999","24","2021-04-16 03:20:25.210"
"194","635","999","32","2021-04-16 03:20:25.210"
"195","603","994","60","2021-04-16 03:20:26.080"
"196","635","999","98","2021-04-16 03:20:29.076"
"197","603","994","77","2021-04-16 03:20:32.696"
"198","656","996","20","2021-04-16 03:20:44.705"
"199","654","997","31","2021-04-16 03:20:44.705"
"200","654","997","97","2021-04-16 03:20:57.011"
"201","651","998","69","2021-04-16 03:20:57.011"
"202","662","998","75","2021-04-16 03:20:57.011"
"203","664","998","25","2021-04-16 03:20:57.011"
"204","652","995","23","2021-04-16 03:21:11.354"
"205","665","995","23","2021-04-16 03:21:11.354"
"206","603","994","47","2021-04-16 03:21:11.354"
"207","689","1002","33","2021-04-16 03:21:30.574"
"208","686","1003","30","2021-04-16 03:21:30.574"
"209","686","1003","51","2021-04-16 03:21:34.543"
"210","694","1004","20","2021-04-16 03:21:34.543"
"211","701","1005","51","2021-04-16 03:21:37.911"
"212","603","994","940","2021-04-16 03:21:42.866"
"213","614","994","366","2021-04-16 03:21:42.866"
"214","621","994","42","2021-04-16 03:21:42.866"
"215","673","994","62","2021-04-16 03:21:42.866"
"216","674","994","30","2021-04-16 03:21:42.866"
"217","696","994","361","2021-04-16 03:21:42.866"
"218","709","997","51","2021-04-16 03:21:45.043"
"219","709","997","362","2021-04-16 03:21:45.294"
"220","707","998","23","2021-04-16 03:21:45.294"
"221","711","998","57","2021-04-16 03:21:45.294"
"222","696","994","219","2021-04-16 03:21:48.209"
"223","727","995","48","2021-04-16 03:21:50.135"
"224","696","994","4","2021-04-16 03:21:50.135"
"225","696","994","388","2021-04-16 03:21:50.691"
"226","733","1000","24","2021-04-16 03:21:52.058"
"227","741","996","31","2021-04-16 03:21:59.254"
"228","744","996","35","2021-04-16 03:21:59.254"
"229","740","995","62","2021-04-16 03:21:59.254"
"230","754","1000","138","2021-04-16 03:22:11.892"
"231","757","996","25","2021-04-16 03:22:17.872"
"232","740","995","10","2021-04-16 03:22:17.872"
"233","742","995","39","2021-04-16 03:22:17.872"
"234","743","995","22","2021-04-16 03:22:17.872"
"235","760","995","54","2021-04-16 03:22:17.872"
"236","696","994","23","2021-04-16 03:22:17.872"
"237","696","994","133","2021-04-16 03:22:18.706"
"238","696","994","4328","2021-04-16 03:22:23.724"
"239","774","997","22","2021-04-16 03:22:29.206"
"240","766","998","98","2021-04-16 03:22:29.206"
"241","777","998","27","2021-04-16 03:22:29.206"
"242","761","999","1","2021-04-16 03:22:29.206"
"243","776","994","48","2021-04-16 03:22:30.899"
"244","610","993","23","2021-04-16 03:22:30.900"
"245","786","988","48","2021-04-16 03:23:33.772"
"246","782","998","133","2021-04-16 03:23:39.303"
"247","790","998","70","2021-04-16 03:24:00.033"
"248","817","996","35","2021-04-16 03:24:38.082"
"249","790","998","20","2021-04-16 03:24:38.083"
"250","761","999","46","2021-04-16 03:24:38.083"
"251","765","1000","21","2021-04-16 03:24:38.083"
"252","824","994","91","2021-04-16 03:24:46.467"
"253","810","993","22","2021-04-16 03:24:46.467"
"254","813","993","11","2021-04-16 03:24:46.467"
"255","833","999","29","2021-04-16 03:24:55.633"
"256","765","1000","139","2021-04-16 03:24:55.633"
"257","827","1001","53","2021-04-16 03:24:55.633"
"258","828","1001","27","2021-04-16 03:24:55.633"
"259","829","1001","31","2021-04-16 03:24:55.633"
"260","831","1001","82","2021-04-16 03:24:55.633"
"261","854","1002","48","2021-04-16 03:25:24.142"
"262","855","1002","8","2021-04-16 03:25:24.142"
"263","855","1002","30","2021-04-16 03:25:25.354"
"264","861","1002","32","2021-04-16 03:25:25.354"
"265","861","1002","17","2021-04-16 03:25:26.103"
"266","856","1001","33","2021-04-16 03:25:26.103"
"267","862","1001","15","2021-04-16 03:25:26.103"
"268","868","1002","54","2021-04-16 03:25:46.026"
"269","877","1002","63","2021-04-16 03:25:55.789"
"270","878","1002","40","2021-04-16 03:25:55.789"
"271","879","1002","67","2021-04-16 03:25:55.789"
"272","858","1003","43","2021-04-16 03:25:55.789"
"273","860","1003","247","2021-04-16 03:25:55.789"
"274","871","1003","48","2021-04-16 03:25:55.789"
"275","874","1004","51","2021-04-16 03:25:55.789"
"276","883","1002","32","2021-04-16 03:25:59.725"
"277","862","1001","7","2021-04-16 03:25:59.725"
"278","893","1005","43","2021-04-16 03:26:14.657"
"279","894","1005","66","2021-04-16 03:26:14.657"
"280","900","1006","25","2021-04-16 03:26:14.657"
"281","901","1006","48","2021-04-16 03:26:14.657"
"282","902","1006","12","2021-04-16 03:26:14.657"
"283","918","1005","76","2021-04-16 03:26:50.790"
"284","918","1005","16","2021-04-16 03:27:17.712"
"285","927","1006","60","2021-04-16 03:27:17.712"
"286","910","1007","39","2021-04-16 03:27:17.712"
"287","909","1003","128","2021-04-16 03:27:29.294"
"288","938","1004","22","2021-04-16 03:27:32.978"
"289","954","1012","25","2021-04-16 03:27:35.145"
"290","932","1002","27","2021-04-16 03:27:40.931"
"291","967","1001","33","2021-04-16 03:27:40.931"
"292","966","1003","54","2021-04-16 03:27:47.372"
"293","960","1004","36","2021-04-16 03:27:47.372"
"294","972","1004","47","2021-04-16 03:27:47.372"
"295","978","1004","27","2021-04-16 03:27:47.372"
"296","978","1004","42","2021-04-16 03:27:48.186"
"297","991","1003","61","2021-04-16 03:27:52.517"
"298","987","1002","13","2021-04-16 03:27:52.517"
"299","1000","1009","43","2021-04-16 03:27:54.467"
"300","1006","1001","38","2021-04-16 03:27:59.328"
"301","1013","1011","37","2021-04-16 03:28:04.812"
"302","1002","1012","24","2021-04-16 03:28:04.812"
"303","1005","1012","40","2021-04-16 03:28:04.812"
"304","1023","1005","22","2021-04-16 03:28:37.149"
"305","1019","1004","39","2021-04-16 03:28:37.149"
"306","1032","1010","64","2021-04-16 03:28:40.717"
"307","1022","1011","186","2021-04-16 03:28:40.717"
"308","1014","1012","27","2021-04-16 03:28:40.717"
"309","1029","1012","24","2021-04-16 03:28:40.717"
"310","1040","1004","58","2021-04-16 03:29:09.610"
"311","1020","1003","32","2021-04-16 03:29:09.611"
"312","1041","1003","35","2021-04-16 03:29:09.611"
"313","1042","1003","21","2021-04-16 03:29:09.611"
"314","1044","1003","25","2021-04-16 03:29:09.611"
"315","1018","1002","41","2021-04-16 03:29:09.611"
"316","1055","1004","23","2021-04-16 03:29:32.900"
"317","1058","1005","75","2021-04-16 03:29:32.900"
"318","1058","1005","61","2021-04-16 03:29:46.032"
"319","1059","1002","78","2021-04-16 03:29:50.042"
"320","1078","1003","43","2021-04-16 03:30:08.316"
"321","1065","1002","22","2021-04-16 03:30:08.316"
"322","1079","1002","14","2021-04-16 03:30:08.316"
"323","1087","1004","22","2021-04-16 03:30:15.662"
"324","1083","1003","22","2021-04-16 03:30:15.662"
"325","1079","1002","29","2021-04-16 03:30:15.662"
"326","1076","1001","43","2021-04-16 03:30:15.662"
"327","1056","1000","88","2021-04-16 03:30:15.662"
"328","1096","1004","52","2021-04-16 03:30:59.045"
"329","1058","1005","9","2021-04-16 03:30:59.045"
"330","1060","1005","44","2021-04-16 03:30:59.045"
"331","1103","1004","34","2021-04-16 03:31:02.483"
"332","1099","1003","19","2021-04-16 03:31:02.483"
"333","1060","1005","19","2021-04-16 03:31:02.510"
"334","1073","1005","22","2021-04-16 03:31:02.511"
"335","1075","1006","35","2021-04-16 03:31:02.511"
"336","1104","1006","39","2021-04-16 03:31:02.511"
"337","1099","1003","4","2021-04-16 03:31:05.871"
"338","1100","1003","25","2021-04-16 03:31:05.872"
"339","1098","1002","81","2021-04-16 03:31:05.872"
"340","1101","1002","72","2021-04-16 03:31:05.872"
"341","1091","1001","132","2021-04-16 03:31:05.872"
"342","1056","1000","61","2021-04-16 03:31:05.872"
"343","1092","1000","63","2021-04-16 03:31:05.872"
"344","1052","999","25","2021-04-16 03:31:05.872"
"345","1111","1009","24","2021-04-16 03:31:09.106"
"346","1113","1009","30","2021-04-16 03:31:09.106"
"347","1112","1008","280","2021-04-16 03:31:15.287"
"348","1129","1005","53","2021-04-16 03:31:43.474"
"349","1132","1004","29","2021-04-16 03:31:43.474"
"350","1134","1004","308","2021-04-16 03:31:43.474"
"351","1126","1013","22","2021-04-16 03:31:45.491"
"352","1136","1013","37","2021-04-16 03:31:45.491"
"353","1157","1011","24","2021-04-16 03:32:05.880"
"354","1161","1011","215","2021-04-16 03:32:05.880"
"355","1146","1012","61","2021-04-16 03:32:11.314"
"356","1169","1012","23","2021-04-16 03:32:11.314"
"357","1159","1010","52","2021-04-16 03:32:16.023"
"358","1159","1010","229","2021-04-16 03:32:16.049"
"359","1160","1010","33","2021-04-16 03:32:16.049"
"360","1162","1010","36","2021-04-16 03:32:16.049"
"361","1158","1009","44","2021-04-16 03:32:16.049"
"362","1163","1009","51","2021-04-16 03:32:16.049"
"363","1175","1012","30","2021-04-16 03:32:29.799"
"364","1177","1012","144","2021-04-16 03:32:29.799"
"365","1178","1012","30","2021-04-16 03:32:29.799"
"366","1186","1012","359","2021-04-16 03:32:29.799"
"367","1186","1012","98","2021-04-16 03:32:33.452"
"368","1186","1012","202","2021-04-16 03:32:37.872"
"369","1185","1011","28","2021-04-16 03:32:38.689"
"370","1216","1010","23","2021-04-16 03:32:38.689"
"371","1248","1009","65","2021-04-16 03:33:08.719"
"372","1262","1002","108","2021-04-16 03:33:24.839"
"373","1246","1010","79","2021-04-16 03:34:09.055"
"374","1246","1010","259","2021-04-16 03:34:11.460"
"375","1284","999","25","2021-04-16 03:34:11.899"
"376","1278","998","23","2021-04-16 03:34:11.899"
"377","1279","997","155","2021-04-16 03:34:11.899"
"378","1279","997","56","2021-04-16 03:34:15.844"
"379","1250","1010","26","2021-04-16 03:34:26.015"
"380","1263","1010","34","2021-04-16 03:34:26.015"
"381","1316","1000","20","2021-04-16 03:35:07.714"
"382","1309","999","35","2021-04-16 03:35:07.714"
"383","1302","1007","36","2021-04-16 03:35:09.838"
"384","1306","1007","38","2021-04-16 03:35:09.838"
"385","1313","1008","30","2021-04-16 03:35:09.839"
"386","1308","998","40","2021-04-16 03:35:18.610"
"387","1319","998","140","2021-04-16 03:35:18.610"
"388","1296","997","129","2021-04-16 03:35:18.610"
"389","1322","997","51","2021-04-16 03:35:18.610"
"390","1321","1009","85","2021-04-16 03:35:24.619"
"391","1263","1010","258","2021-04-16 03:35:24.619"
"392","1239","1011","56","2021-04-16 03:35:24.619"
"393","1255","1011","20","2021-04-16 03:35:24.619"
"394","1258","1011","29","2021-04-16 03:35:24.619"
"395","1259","1011","28","2021-04-16 03:35:24.619"
"396","1285","1011","176","2021-04-16 03:35:24.619"
"397","1291","1011","221","2021-04-16 03:35:24.619"
"398","1201","1012","21","2021-04-16 03:35:24.619"
"399","1212","1013","48","2021-04-16 03:35:24.619"
"400","1325","1007","109","2021-04-16 03:35:25.108"
"401","1338","1006","56","2021-04-16 03:35:34.302"
"402","1354","1013","288","2021-04-16 03:35:44.645"
"403","1338","1006","20","2021-04-16 03:35:47.741"
"404","1342","1005","30","2021-04-16 03:35:47.741"
"405","1365","1006","81","2021-04-16 03:36:03.288"
"406","1365","1006","14","2021-04-16 03:36:04.230"
"407","1342","1005","28","2021-04-16 03:36:04.230"
"408","1353","1005","1164","2021-04-16 03:36:04.230"
"409","1368","1011","21","2021-04-16 03:36:05.072"
"410","1364","1012","124","2021-04-16 03:36:05.072"
"411","1353","1005","61","2021-04-16 03:36:23.923"
"412","1353","1005","50","2021-04-16 03:36:29.624"
"413","1353","1005","77","2021-04-16 03:36:31.122"
"414","1387","1004","51","2021-04-16 03:36:40.359"
"415","1385","1003","20","2021-04-16 03:36:40.359"
"416","1390","1009","23","2021-04-16 03:36:51.893"
"417","1376","1010","26","2021-04-16 03:36:51.894"
"418","1375","1011","44","2021-04-16 03:36:51.894"
"419","1418","1004","25","2021-04-16 03:37:16.503"
"420","1416","1003","27","2021-04-16 03:37:16.503"
"421","1423","1008","36","2021-04-16 03:37:17.082"
"422","1419","1009","24","2021-04-16 03:37:17.082"
"423","1416","1003","15","2021-04-16 03:37:17.633"
"424","1399","1002","39","2021-04-16 03:37:17.633"
"425","1392","1001","33","2021-04-16 03:37:17.633"
"426","1411","1001","20","2021-04-16 03:37:17.633"
"427","1412","1001","28","2021-04-16 03:37:17.633"
"428","1438","1009","61","2021-04-16 03:37:27.049"
"429","1439","1009","7","2021-04-16 03:37:27.049"
"430","1439","1009","13","2021-04-16 03:37:33.999"
"431","1447","1009","48","2021-04-16 03:37:33.999"
"432","1447","1009","55","2021-04-16 03:38:20.274"
"433","1461","1009","26","2021-04-16 03:38:53.330"
"434","1462","1009","29","2021-04-16 03:38:53.330"
"435","1462","1009","81","2021-04-16 03:38:55.121"
"436","1452","1008","83","2021-04-16 03:38:57.207"
"437","1462","1009","100","2021-04-16 03:39:08.448"
"438","1466","1009","29","2021-04-16 03:39:28.346"
"439","1478","1009","22","2021-04-16 03:39:28.346"
"440","1482","1009","21","2021-04-16 03:39:28.346"
"441","1529","1008","35","2021-04-16 03:39:33.084"
"442","1427","1007","22","2021-04-16 03:39:33.084"
"443","1430","1007","59","2021-04-16 03:39:33.084"
"444","1444","1007","41","2021-04-16 03:39:33.084"
"445","1482","1009","1","2021-04-16 03:39:33.517"
"446","1488","1009","29","2021-04-16 03:39:33.517"
"447","1492","1009","22","2021-04-16 03:39:33.517"
"448","1501","1009","44","2021-04-16 03:39:33.517"
"449","1515","1009","76","2021-04-16 03:39:33.517"
"450","1515","1009","32","2021-04-16 03:39:35.988"
"451","1456","1010","101","2021-04-16 03:39:35.988"
"452","1469","1010","24","2021-04-16 03:39:35.988"
"453","1471","1010","23","2021-04-16 03:39:35.988"
"454","1479","1010","8","2021-04-16 03:39:35.988"
"455","1479","1010","61","2021-04-16 03:39:36.043"
"456","1507","1010","34","2021-04-16 03:39:36.043"
"457","1511","1010","69","2021-04-16 03:39:36.043"
"458","1511","1010","88","2021-04-16 03:39:36.122"
"459","1523","1010","61","2021-04-16 03:39:36.122"
"460","1525","1010","92","2021-04-16 03:39:36.122"
"461","1532","1010","14","2021-04-16 03:39:36.122"
"462","1532","1010","47","2021-04-16 03:39:36.534"
"463","1400","1011","16","2021-04-16 03:39:36.534"
"464","1400","1011","64","2021-04-16 03:39:37.653"
"465","1547","1008","62","2021-04-16 03:39:39.598"
"466","1444","1007","5","2021-04-16 03:39:39.598"
"467","1561","1008","65","2021-04-16 03:39:47.558"
"468","1444","1007","4","2021-04-16 03:39:47.558"
"469","1444","1007","51","2021-04-16 03:39:48.848"
"470","1481","1007","101","2021-04-16 03:39:48.848"
"471","1513","1007","22","2021-04-16 03:39:48.848"
"472","1516","1007","70","2021-04-16 03:39:48.848"
"473","1517","1007","614","2021-04-16 03:39:48.848"
"474","1518","1007","52","2021-04-16 03:39:48.848"
"475","1563","1006","157","2021-04-16 03:39:48.848"
"476","1564","1006","34","2021-04-16 03:39:48.848"
"477","1551","1012","35","2021-04-16 03:39:49.485"
"478","1554","1012","31","2021-04-16 03:39:49.485"
"479","1586","1006","35","2021-04-16 03:40:06.693"
"480","1587","1009","33","2021-04-16 03:40:06.918"
"481","1582","1010","20","2021-04-16 03:40:06.918"
"482","1577","1011","24","2021-04-16 03:40:06.918"
"483","1554","1012","59","2021-04-16 03:40:06.918"
"484","1628","1009","20","2021-04-16 03:41:12.778"
"485","1625","1010","26","2021-04-16 03:41:12.778"
"486","1635","1018","68","2021-04-16 03:41:22.337"
"487","1647","1016","120","2021-04-16 03:42:29.416"
"488","1641","1017","36","2021-04-16 03:42:29.416"
"489","1641","1017","10","2021-04-16 03:42:35.154"
"490","1657","1017","23","2021-04-16 03:42:35.154"
"491","1635","1018","303","2021-04-16 03:42:35.154"
"492","1660","1011","103","2021-04-16 03:42:37.118"
"493","1674","1016","54","2021-04-16 03:42:43.055"
"494","1668","1017","32","2021-04-16 03:42:43.055"
"495","1635","1018","78","2021-04-16 03:42:43.055"
"496","1675","1013","20","2021-04-16 03:42:45.591"
"497","1699","1018","27","2021-04-16 03:42:54.406"
"498","1686","1017","122","2021-04-16 03:42:54.406"
"499","1685","1016","37","2021-04-16 03:42:54.406"
"500","1687","1016","125","2021-04-16 03:42:54.406"
"501","1701","1015","26","2021-04-16 03:42:58.802"
"502","1702","1015","24","2021-04-16 03:42:58.802"
"503","1690","1021","57","2021-04-16 03:42:59.296"
"504","1725","1023","80","2021-04-16 03:43:17.193"
"505","1718","1024","49","2021-04-16 03:43:17.193"
"506","1743","1020","52","2021-04-16 03:43:54.970"
"507","1722","1018","39","2021-04-16 03:43:59.629"
"508","1755","1018","18","2021-04-16 03:43:59.629"
"509","1755","1018","31","2021-04-16 03:44:00.136"
"510","1757","1018","24","2021-04-16 03:44:00.136"
"511","1740","1023","56","2021-04-16 03:44:04.584"
"512","1756","1024","54","2021-04-16 03:44:16.199"
"513","1758","1024","53","2021-04-16 03:44:16.199"
"514","1758","1024","2","2021-04-16 03:44:19.643"
"515","1759","1024","49","2021-04-16 03:44:19.643"
"516","1785","1023","65","2021-04-16 03:44:29.121"
"517","1759","1024","21","2021-04-16 03:44:29.121"
"518","1794","1025","106","2021-04-16 03:44:33.918"
"519","1803","1022","41","2021-04-16 03:44:50.081"
"520","1804","1023","140","2021-04-16 03:44:50.081"
"521","1852","1026","56","2021-04-16 03:45:16.780"
"522","1851","1025","48","2021-04-16 03:45:16.780"
"523","1846","1024","29","2021-04-16 03:45:16.780"
"524","1835","1023","27","2021-04-16 03:45:16.781"
"525","1848","1023","38","2021-04-16 03:45:16.781"
"526","1829","1022","21","2021-04-16 03:45:16.781"
"527","1836","1022","31","2021-04-16 03:45:16.781"
"528","1837","1022","27","2021-04-16 03:45:16.781"
"529","1840","1022","42","2021-04-16 03:45:16.781"
"530","1815","1021","54","2021-04-16 03:45:16.781"
"531","1821","1021","30","2021-04-16 03:45:16.781"
"532","1823","1021","33","2021-04-16 03:45:16.781"
"533","1830","1021","25","2021-04-16 03:45:16.781"
"534","1808","1020","23","2021-04-16 03:45:16.781"
"535","1819","1020","26","2021-04-16 03:45:16.781"
"536","1788","1019","53","2021-04-16 03:45:16.781"
"537","1786","1018","35","2021-04-16 03:45:16.781"
"538","1806","1018","75","2021-04-16 03:45:16.781"
"539","1841","1032","102","2021-04-16 03:45:21.858"
"540","1858","1031","31","2021-04-16 03:45:25.806"
"541","1841","1032","39","2021-04-16 03:45:25.806"
"542","1870","1032","23","2021-04-16 03:45:40.156"
"543","1847","1033","61","2021-04-16 03:45:40.156"
"544","1877","1025","58","2021-04-16 03:45:47.351"
"545","1876","1022","66","2021-04-16 03:45:52.734"
"546","1874","1021","20","2021-04-16 03:45:52.734"
"547","1874","1021","6","2021-04-16 03:45:53.850"
"548","1871","1020","23","2021-04-16 03:45:53.850"
"549","1863","1019","289","2021-04-16 03:45:53.850"
"550","1854","1017","69","2021-04-16 03:45:53.850"
"551","1885","1024","35","2021-04-16 03:45:58.501"
"552","1893","1024","67","2021-04-16 03:46:15.454"
"553","1891","1025","24","2021-04-16 03:46:20.987"
"554","1880","1027","268","2021-04-16 03:46:20.987"
"555","1893","1024","8","2021-04-16 03:46:29.560"
"556","1896","1024","68","2021-04-16 03:46:29.560"
"557","1902","1023","30","2021-04-16 03:46:29.560"
"558","1924","1021","25","2021-04-16 03:46:35.326"
"559","1922","1020","53","2021-04-16 03:46:35.326"
"560","1934","1028","21","2021-04-16 03:46:41.749"
"561","1931","1029","30","2021-04-16 03:46:41.749"
"562","1936","1029","20","2021-04-16 03:46:42.474"
"563","1922","1020","56","2021-04-16 03:46:43.046"
"564","1940","1030","69","2021-04-16 03:46:44.862"
"565","1922","1020","218","2021-04-16 03:46:47.409"
"566","1923","1019","36","2021-04-16 03:46:47.409"
"567","1930","1019","110","2021-04-16 03:46:47.409"
"568","1932","1019","232","2021-04-16 03:46:47.409"
"569","1941","1019","28","2021-04-16 03:46:47.409"
"570","1945","1019","15","2021-04-16 03:46:47.409"
"571","1946","1019","20","2021-04-16 03:46:51.621"
"572","1950","1018","39","2021-04-16 03:46:51.621"
"573","1951","1018","17","2021-04-16 03:46:51.621"
"574","1955","1018","54","2021-04-16 03:46:59.097"
"575","1960","1017","28","2021-04-16 03:46:59.097"
"576","1953","1019","106","2021-04-16 03:46:59.117"
"577","1956","1019","25","2021-04-16 03:46:59.117"
"578","1957","1019","39","2021-04-16 03:46:59.117"
"579","1961","1019","22","2021-04-16 03:46:59.117"
"580","1954","1020","51","2021-04-16 03:46:59.117"
"581","1958","1020","26","2021-04-16 03:46:59.117"
"582","1969","1018","40","2021-04-16 03:47:18.065"
"583","1970","1019","63","2021-04-16 03:47:18.258"
"584","1976","1018","45","2021-04-16 03:47:28.690"
"585","1970","1019","27","2021-04-16 03:47:28.690"
"586","1968","1020","20","2021-04-16 03:47:28.690"
"587","1972","1020","34","2021-04-16 03:47:28.690"
"588","1965","1021","68","2021-04-16 03:47:28.690"
"589","1981","1020","51","2021-04-16 03:47:29.815"
"590","1981","1020","93","2021-04-16 03:47:57.105"
"591","1992","1020","60","2021-04-16 03:47:57.105"
"592","1998","1020","38","2021-04-16 03:48:09.535"
"593","1991","1021","25","2021-04-16 03:48:09.535"
"594","2001","1021","18","2021-04-16 03:48:09.535"
"595","2001","1021","61","2021-04-16 03:48:12.664"
"596","1990","1022","103","2021-04-16 03:48:12.664"
"597","2017","1028","64","2021-04-16 03:48:19.712"
"598","2026","1029","21","2021-04-16 03:48:19.712"
"599","2030","1021","63","2021-04-16 03:48:29.350"
"600","2030","1021","57","2021-04-16 03:48:30.505"
"601","2039","1022","40","2021-04-16 03:48:34.341"
"602","2030","1021","50","2021-04-16 03:48:34.341"
"603","2049","1023","55","2021-04-16 03:48:40.104"
"604","2044","1024","21","2021-04-16 03:48:40.104"
"605","2050","1024","40","2021-04-16 03:48:43.752"
"606","2059","1025","21","2021-04-16 03:48:43.752"
"607","2064","1025","38","2021-04-16 03:48:44.675"
"608","2043","1022","69","2021-04-16 03:48:54.213"
"609","2048","1021","40","2021-04-16 03:48:54.213"
"610","2029","1020","53","2021-04-16 03:48:54.213"
"611","2031","1020","200","2021-04-16 03:48:54.213"
"612","2034","1020","36","2021-04-16 03:48:54.213"
"613","2035","1020","16","2021-04-16 03:48:54.213"
"614","2035","1020","9","2021-04-16 03:48:56.898"
"615","2082","1019","22","2021-04-16 03:48:56.898"
"616","2084","1019","47","2021-04-16 03:48:56.898"
"617","2022","1018","41","2021-04-16 03:48:56.898"
"618","2096","1018","59","2021-04-16 03:49:00.242"
"619","2099","1022","42","2021-04-16 03:49:02.496"
"620","2094","1023","13","2021-04-16 03:49:02.496"
"621","2104","1021","29","2021-04-16 03:49:06.214"
"622","2103","1020","26","2021-04-16 03:49:06.214"
"623","2107","1020","18","2021-04-16 03:49:06.214"
"624","2121","1022","34","2021-04-16 03:49:12.502"
"625","2124","1022","40","2021-04-16 03:49:12.502"
"626","2127","1022","109","2021-04-16 03:49:12.502"
"627","2118","1021","70","2021-04-16 03:49:24.606"
"628","2112","1023","20","2021-04-16 03:49:26.406"
"629","2123","1023","74","2021-04-16 03:49:26.406"
"630","2156","1022","84","2021-04-16 03:49:38.168"
"631","2158","1022","25","2021-04-16 03:49:38.168"
"632","2118","1021","69","2021-04-16 03:49:38.168"
"633","2137","1021","8","2021-04-16 03:49:38.168"
"634","2123","1023","70","2021-04-16 03:49:41.625"
"635","2174","1021","34","2021-04-16 03:50:30.664"
"636","2107","1020","22","2021-04-16 03:50:30.664"
"637","2152","1020","31","2021-04-16 03:50:30.664"
"638","2102","1019","38","2021-04-16 03:50:30.664"
"639","2171","1022","35","2021-04-16 03:50:33.394"
"640","2175","1022","19","2021-04-16 03:50:33.394"
"641","2184","1018","96","2021-04-16 03:50:51.410"
"642","2214","1015","39","2021-04-16 03:51:09.804"
"643","2209","1016","63","2021-04-16 03:51:09.804"
"644","2231","1012","32","2021-04-16 03:51:15.663"
"645","2239","1013","60","2021-04-16 03:51:22.401"
"646","2239","1013","123","2021-04-16 03:51:29.090"
"647","2239","1013","151","2021-04-16 03:51:34.771"
"648","2259","1013","15","2021-04-16 03:51:34.771"
"649","2274","1012","40","2021-04-16 03:51:44.855"
"650","2276","1012","23","2021-04-16 03:51:44.855"
"651","2293","1004","25","2021-04-16 03:52:10.407"
"652","2310","1009","22","2021-04-16 03:52:48.281"
"653","2320","1010","24","2021-04-16 03:52:59.768"
"654","2319","1011","22","2021-04-16 03:52:59.768"
"655","2322","1011","53","2021-04-16 03:52:59.768"
"656","2312","1012","28","2021-04-16 03:52:59.768"
"657","2292","1013","16","2021-04-16 03:52:59.768"
"658","2340","1012","27","2021-04-16 03:53:40.206"
"659","2341","1012","56","2021-04-16 03:53:40.206"
"660","2344","1012","30","2021-04-16 03:53:40.206"
"661","2345","1012","52","2021-04-16 03:53:40.206"
"662","2347","1011","63","2021-04-16 03:53:40.206"
"663","2349","1011","47","2021-04-16 03:53:40.206"
"664","2354","1011","38","2021-04-16 03:53:40.206"
"665","2385","1009","42","2021-04-16 03:54:17.621"
"666","2377","1010","51","2021-04-16 03:54:17.621"
"667","2400","1008","21","2021-04-16 03:54:36.381"
"668","2399","1009","50","2021-04-16 03:54:36.381"
"669","2377","1010","37","2021-04-16 03:54:36.381"
"670","2376","1011","39","2021-04-16 03:54:36.381"
"671","2375","1012","43","2021-04-16 03:54:36.381"
"672","2330","1013","27","2021-04-16 03:54:36.381"
"673","2333","1013","49","2021-04-16 03:54:36.381"
"674","2408","1012","44","2021-04-16 03:54:50.147"
"675","2333","1013","3","2021-04-16 03:54:50.147"
"676","2348","1013","135","2021-04-16 03:54:50.147"
"677","2411","1012","47","2021-04-16 03:54:56.737"
"678","2415","1012","37","2021-04-16 03:54:56.737"
"679","2417","1012","71","2021-04-16 03:54:56.737"
"680","2403","1011","33","2021-04-16 03:54:56.737"
"681","2404","1011","68","2021-04-16 03:54:56.737"
"682","2407","1010","43","2021-04-16 03:54:56.737"
"683","2428","1012","23","2021-04-16 03:55:05.705"
"684","2348","1013","12","2021-04-16 03:55:05.705"
"685","2413","1013","112","2021-04-16 03:55:05.705"
"686","2429","1013","29","2021-04-16 03:55:05.705"
"687","2431","1013","23","2021-04-16 03:55:05.705"
"688","2268","1014","38","2021-04-16 03:55:05.705"
"689","2270","1014","28","2021-04-16 03:55:05.705"
"690","2283","1014","36","2021-04-16 03:55:05.705"
"691","2346","1014","45","2021-04-16 03:55:05.705"
"692","2357","1014","36","2021-04-16 03:55:05.705"
"693","2357","1014","172","2021-04-16 03:55:14.491"
"694","2373","1014","102","2021-04-16 03:55:14.491"
"695","2448","1009","35","2021-04-16 03:55:15.071"
"696","2449","1009","56","2021-04-16 03:55:15.071"
"697","2452","1009","47","2021-04-16 03:55:15.071"
"698","2434","1008","30","2021-04-16 03:55:15.071"
"699","2424","1007","62","2021-04-16 03:55:15.071"
"700","2477","1012","64","2021-04-16 03:55:33.908"
"701","2483","1010","20","2021-04-16 03:55:35.691"
"702","2478","1009","49","2021-04-16 03:55:35.691"
"703","2489","1011","32","2021-04-16 03:55:45.171"
"704","2477","1012","7","2021-04-16 03:55:45.171"
"705","2465","1013","23","2021-04-16 03:55:45.171"
"706","2479","1013","2","2021-04-16 03:55:45.171"
"707","2495","1010","39","2021-04-16 03:55:45.454"
"708","2493","1009","83","2021-04-16 03:55:45.454"
"709","2491","1008","26","2021-04-16 03:55:45.454"
"710","2503","1013","99","2021-04-16 03:55:50.597"
"711","2507","1007","445","2021-04-16 03:55:51.405"
"712","2504","1006","36","2021-04-16 03:55:51.405"
"713","2499","1005","22","2021-04-16 03:55:51.405"
"714","2506","1005","963","2021-04-16 03:55:51.405"
"715","2500","1004","67","2021-04-16 03:55:51.405"
"716","2516","1010","56","2021-04-16 03:55:54.921"
"717","2531","1007","35","2021-04-16 03:56:20.233"
"718","2529","1006","32","2021-04-16 03:56:20.233"
"719","2544","1005","92","2021-04-16 03:56:44.636"
"720","2522","1004","30","2021-04-16 03:56:44.636"
"721","2548","1004","25","2021-04-16 03:56:44.636"
"722","2524","1003","38","2021-04-16 03:56:47.604"
"723","2554","1003","79","2021-04-16 03:56:47.604"
"724","2551","1009","33","2021-04-16 03:56:49.935"
"725","2547","1010","32","2021-04-16 03:56:49.935"
"726","2563","1008","103","2021-04-16 03:56:55.025"
"727","2564","1008","25","2021-04-16 03:56:55.025"
"728","2567","999","36","2021-04-16 03:56:57.075"
"729","2590","998","75","2021-04-16 03:57:39.531"
"730","2600","994","21","2021-04-16 03:57:52.441"
"731","2605","1003","67","2021-04-16 03:58:23.430"
"732","2604","1002","34","2021-04-16 03:58:23.430"
"733","2608","1002","176","2021-04-16 03:58:23.430"
"734","2614","1002","64","2021-04-16 03:58:23.430"
"735","2603","1001","210","2021-04-16 03:58:23.430"
"736","2615","1004","21","2021-04-16 03:58:28.422"
"737","2625","1004","23","2021-04-16 03:58:28.422"
"738","2630","1004","13","2021-04-16 03:58:28.422"
"739","2662","1004","164","2021-04-16 03:59:03.451"
"740","2643","1003","57","2021-04-16 03:59:03.451"
"741","2663","1003","64","2021-04-16 03:59:03.451"
"742","2659","1002","21","2021-04-16 03:59:03.451"
"743","2661","1002","64","2021-04-16 03:59:03.451"
"744","2668","999","36","2021-04-16 03:59:08.901"
"745","2597","1005","24","2021-04-16 03:59:15.622"
"746","2607","1005","27","2021-04-16 03:59:15.622"
"747","2680","1004","70","2021-04-16 03:59:57.385"
"748","2694","1001","48","2021-04-16 04:00:49.829"
"749","2692","1000","8","2021-04-16 04:00:49.829"
"750","2692","1000","26","2021-04-16 04:00:49.883"
"751","2696","1000","31","2021-04-16 04:00:49.883"
"752","2697","1000","19","2021-04-16 04:00:49.883"
"753","2697","1000","36","2021-04-16 04:00:50.023"
"754","2691","999","19","2021-04-16 04:00:50.023"
"755","2607","1005","6","2021-04-16 04:00:52.544"
"756","2629","1005","51","2021-04-16 04:00:52.544"
"757","2629","1005","71","2021-04-16 04:00:55.871"
"758","2708","1001","41","2021-04-16 04:01:19.076"
"759","2701","1000","12","2021-04-16 04:01:19.076"
"760","2716","1003","179","2021-04-16 04:01:20.637"
"761","2715","1004","28","2021-04-16 04:01:20.637"
"762","2719","1004","85","2021-04-16 04:01:20.637"
"763","2629","1005","26","2021-04-16 04:01:20.637"
"764","2654","1005","33","2021-04-16 04:01:20.637"
"765","2701","1000","59","2021-04-16 04:01:25.864"
"766","2711","1000","28","2021-04-16 04:01:25.864"
"767","2654","1005","1","2021-04-16 04:01:29.462"
"768","2683","1005","23","2021-04-16 04:01:29.462"
"769","2695","1005","20","2021-04-16 04:01:29.462"
"770","2586","1006","43","2021-04-16 04:01:29.462"
"771","2730","1004","142","2021-04-16 04:01:41.296"
"772","2729","1005","22","2021-04-16 04:01:41.296"
"773","2734","1005","29","2021-04-16 04:01:41.296"
"774","2735","1005","29","2021-04-16 04:01:41.296"
"775","2586","1006","80","2021-04-16 04:01:41.296"
"776","2598","1006","23","2021-04-16 04:01:41.296"
"777","2649","1006","103","2021-04-16 04:01:41.296"
"778","2651","1006","28","2021-04-16 04:01:41.296"
"779","2658","1006","22","2021-04-16 04:01:41.296"
"780","2664","1006","25","2021-04-16 04:01:41.296"
"781","2669","1006","36","2021-04-16 04:01:41.296"
"782","2678","1006","25","2021-04-16 04:01:41.296"
"783","2703","1006","68","2021-04-16 04:01:41.296"
"784","2745","1004","26","2021-04-16 04:01:51.580"
"785","2744","1005","29","2021-04-16 04:01:51.580"
"786","2703","1006","8","2021-04-16 04:01:51.580"
"787","2705","1006","31","2021-04-16 04:01:51.580"
"788","2709","1006","36","2021-04-16 04:01:51.580"
"789","2714","1006","35","2021-04-16 04:01:51.580"
"790","2759","1005","82","2021-04-16 04:02:11.221"
"791","2764","999","30","2021-04-16 04:02:26.624"
"792","2741","998","35","2021-04-16 04:02:26.624"
"793","2742","998","103","2021-04-16 04:02:26.624"
"794","2757","998","65","2021-04-16 04:02:26.624"
"795","2773","998","35","2021-04-16 04:02:26.624"
"796","2775","998","37","2021-04-16 04:02:26.624"
"797","2759","1005","178","2021-04-16 04:02:29.528"
"798","2778","1003","62","2021-04-16 04:02:30.873"
"799","2788","1003","28","2021-04-16 04:02:34.123"
"800","2783","1004","91","2021-04-16 04:02:34.123"
"801","2797","1003","64","2021-04-16 04:02:43.329"
"802","2800","1002","43","2021-04-16 04:03:08.853"
"803","2802","1002","48","2021-04-16 04:03:08.853"
"804","2797","1003","101","2021-04-16 04:03:20.940"
"805","2801","1003","34","2021-04-16 04:03:27.764"
"806","2832","1003","21","2021-04-16 04:03:27.764"
"807","2845","1003","24","2021-04-16 04:03:27.764"
"808","2783","1004","22","2021-04-16 04:03:27.764"
"809","2804","1002","40","2021-04-16 04:03:31.615"
"810","2807","1002","14","2021-04-16 04:03:31.615"
"811","2851","1003","90","2021-04-16 04:03:57.859"
"812","2852","1003","36","2021-04-16 04:03:57.859"
"813","2855","1003","31","2021-04-16 04:03:57.859"
"814","2864","1003","32","2021-04-16 04:03:57.859"
"815","2864","1003","12","2021-04-16 04:04:16.302"
"816","2868","1003","26","2021-04-16 04:04:16.302"
"817","2783","1004","3","2021-04-16 04:04:16.302"
"818","2813","1004","25","2021-04-16 04:04:16.302"
"819","2821","1004","3","2021-04-16 04:04:16.302"
"820","2827","1002","30","2021-04-16 04:04:20.419"
"821","2835","1002","35","2021-04-16 04:04:20.419"
"822","2837","1002","75","2021-04-16 04:04:20.419"
"823","2839","1002","38","2021-04-16 04:04:20.419"
"824","2795","1001","27","2021-04-16 04:04:20.419"
"825","2877","1001","31","2021-04-16 04:04:20.419"
"826","2881","1001","99","2021-04-16 04:04:20.419"
"827","2882","1001","44","2021-04-16 04:04:20.419"
"828","2895","1002","104","2021-04-16 04:04:43.239"
"829","2895","1002","96","2021-04-16 04:04:43.611"
"830","2880","1003","48","2021-04-16 04:04:43.611"
"831","2821","1004","23","2021-04-16 04:04:43.611"
"832","2822","1004","188","2021-04-16 04:04:43.611"
"833","2912","1003","24","2021-04-16 04:05:20.533"
"834","2822","1004","63","2021-04-16 04:05:20.533"
"835","2889","999","22","2021-04-16 04:05:36.901"
"836","2901","998","22","2021-04-16 04:05:36.901"
"837","2904","998","23","2021-04-16 04:05:36.901"
"838","2921","1002","20","2021-04-16 04:05:46.987"
"839","2920","1003","191","2021-04-16 04:05:46.987"
"840","2930","1003","22","2021-04-16 04:05:46.987"
"841","2934","1003","50","2021-04-16 04:05:46.987"
"842","2822","1004","405","2021-04-16 04:05:46.987"
"843","2933","999","33","2021-04-16 04:05:47.923"
"844","2904","998","25","2021-04-16 04:05:47.923"
"845","2822","1004","52","2021-04-16 04:05:55.099"
"846","2853","1004","23","2021-04-16 04:05:55.099"
"847","2866","1004","49","2021-04-16 04:05:55.099"
"848","2957","1003","26","2021-04-16 04:06:08.746"
"849","2866","1004","41","2021-04-16 04:06:08.746"
"850","2872","1004","128","2021-04-16 04:06:08.746"
"851","2927","997","133","2021-04-16 04:06:10.654"
"852","2966","999","32","2021-04-16 04:06:28.438"
"853","2962","998","23","2021-04-16 04:06:28.438"
"854","2927","997","109","2021-04-16 04:06:28.438"
"855","2872","1004","41","2021-04-16 04:06:33.480"
"856","2875","1004","14","2021-04-16 04:06:33.480"
"857","2927","997","128","2021-04-16 04:06:55.005"
"858","2927","997","65","2021-04-16 04:06:56.351"
"859","2932","997","4","2021-04-16 04:06:56.351"
"860","2983","1002","20","2021-04-16 04:06:59.234"
"861","2975","1003","33","2021-04-16 04:06:59.234"
"862","2954","1004","22","2021-04-16 04:06:59.234"
"863","2899","1005","19","2021-04-16 04:06:59.234"
"864","2993","1003","30","2021-04-16 04:07:14.259"
"865","2986","1004","75","2021-04-16 04:07:14.259"
"866","2999","998","59","2021-04-16 04:07:21.960"
"867","2932","997","81","2021-04-16 04:07:21.960"
"868","3010","1001","33","2021-04-16 04:07:34.417"
"869","3008","1002","21","2021-04-16 04:07:34.417"
"870","3008","1002","15","2021-04-16 04:07:38.441"
"871","3012","1002","31","2021-04-16 04:07:38.441"
"872","3007","1003","24","2021-04-16 04:07:38.441"
"873","3015","1003","17","2021-04-16 04:07:38.441"
"874","3002","999","42","2021-04-16 04:07:39.710"
"875","3022","998","28","2021-04-16 04:07:39.710"
"876","3046","1003","68","2021-04-16 04:07:56.371"
"877","3047","1003","74","2021-04-16 04:07:56.371"
"878","2990","1004","60","2021-04-16 04:07:56.371"
"879","3029","1004","33","2021-04-16 04:07:56.371"
"880","3037","1004","47","2021-04-16 04:07:56.371"
"881","3048","1004","28","2021-04-16 04:07:56.371"
"882","3048","1004","59","2021-04-16 04:07:58.047"
"883","3032","1001","60","2021-04-16 04:08:05.261"
"884","3048","1004","59","2021-04-16 04:08:12.876"
"885","3065","1002","32","2021-04-16 04:08:41.216"
"886","3076","1002","26","2021-04-16 04:08:41.216"
"887","3084","1002","29","2021-04-16 04:08:45.876"
"888","3082","1003","41","2021-04-16 04:08:45.876"
"889","3082","1003","31","2021-04-16 04:08:46.436"
"890","3053","1004","275","2021-04-16 04:08:46.436"
"891","3056","1004","32","2021-04-16 04:08:57.350"
"892","3057","1004","173","2021-04-16 04:08:57.350"
"893","3058","1004","68","2021-04-16 04:08:57.350"
"894","3061","1004","22","2021-04-16 04:08:57.350"
"895","3062","1004","45","2021-04-16 04:08:57.350"
"896","3072","1004","23","2021-04-16 04:08:57.350"
"897","2899","1005","140","2021-04-16 04:08:57.350"
"898","2964","1005","67","2021-04-16 04:08:57.350"
"899","3045","1001","73","2021-04-16 04:09:15.148"
"900","3066","1001","21","2021-04-16 04:09:15.148"
"901","3070","1001","40","2021-04-16 04:09:15.148"
"902","3073","1001","76","2021-04-16 04:09:15.148"
"903","3074","1001","101","2021-04-16 04:09:15.148"
"904","3075","1001","22","2021-04-16 04:09:15.148"
"905","3102","1001","37","2021-04-16 04:09:15.148"
"906","3104","1001","44","2021-04-16 04:09:15.148"
"907","3106","1001","41","2021-04-16 04:09:15.148"
"908","3099","1000","34","2021-04-16 04:09:15.148"
"909","3112","1004","51","2021-04-16 04:09:25.390"
"910","3091","1005","34","2021-04-16 04:09:55.486"
"911","3100","1006","41","2021-04-16 04:09:55.486"
"912","3100","1006","26","2021-04-16 04:09:57.713"
"913","3113","1006","27","2021-04-16 04:09:57.713"
"914","3123","1007","7","2021-04-16 04:09:57.713"
"915","3115","1004","62","2021-04-16 04:10:00.647"
"916","3123","1007","18","2021-04-16 04:10:14.569"
"917","3135","1007","52","2021-04-16 04:10:22.838"
"918","3135","1007","37","2021-04-16 04:10:34.676"
"919","3140","1007","22","2021-04-16 04:10:34.676"
"920","3169","1009","61","2021-04-16 04:11:05.997"
"921","3171","1007","126","2021-04-16 04:11:06.774"
"922","3181","997","65","2021-04-16 04:11:20.064"
"923","3189","1007","121","2021-04-16 04:11:50.467"
"924","3192","1006","48","2021-04-16 04:11:59.356"
"925","3193","1006","26","2021-04-16 04:11:59.356"
"926","3195","1005","41","2021-04-16 04:11:59.356"
"927","3203","1004","25","2021-04-16 04:12:26.273"
"928","3204","1003","26","2021-04-16 04:12:26.273"
"929","3207","1003","3","2021-04-16 04:12:26.273"
"930","3221","1007","29","2021-04-16 04:12:47.244"
"931","3177","1008","30","2021-04-16 04:12:47.244"
"932","3239","1007","34","2021-04-16 04:12:53.390"
"933","3177","1008","21","2021-04-16 04:12:53.390"
"934","3222","1006","113","2021-04-16 04:12:57.514"
"935","3240","1006","20","2021-04-16 04:12:57.514"
"936","3241","1006","32","2021-04-16 04:12:57.514"
"937","3235","1005","42","2021-04-16 04:12:57.514"
"938","3243","1005","124","2021-04-16 04:12:57.514"
"939","3210","1003","53","2021-04-16 04:12:57.514"
"940","3224","1008","38","2021-04-16 04:12:58.755"
"941","3226","1008","33","2021-04-16 04:12:58.755"
"942","3169","1009","50","2021-04-16 04:12:58.755"
"943","3214","1009","25","2021-04-16 04:12:58.755"
"944","3217","1009","65","2021-04-16 04:12:58.755"
"945","3217","1009","100","2021-04-16 04:12:59.448"
"946","3231","1009","20","2021-04-16 04:12:59.448"
"947","3245","1009","9","2021-04-16 04:12:59.448"
"948","3259","1000","23","2021-04-16 04:13:03.964"
"949","3264","1006","22","2021-04-16 04:13:22.947"
"950","3265","1006","45","2021-04-16 04:13:22.947"
"951","3268","1006","20","2021-04-16 04:13:22.947"
"952","3289","1007","24","2021-04-16 04:13:33.238"
"953","3268","1006","22","2021-04-16 04:13:33.238"
"954","3271","1006","35","2021-04-16 04:13:33.238"
"955","3277","1006","212","2021-04-16 04:13:33.238"
"956","3272","1005","25","2021-04-16 04:13:33.238"
"957","3275","1005","22","2021-04-16 04:13:33.238"
"958","3279","1005","37","2021-04-16 04:13:33.238"
"959","3284","1005","40","2021-04-16 04:13:33.238"
"960","3266","1008","62","2021-04-16 04:13:50.701"
"961","3266","1008","77","2021-04-16 04:14:02.969"
"962","3312","1003","21","2021-04-16 04:14:11.251"
"963","3309","1002","49","2021-04-16 04:14:11.251"
"964","3317","1006","22","2021-04-16 04:14:19.866"
"965","3316","1007","31","2021-04-16 04:14:19.866"
"966","3266","1008","42","2021-04-16 04:14:19.866"
"967","3323","1007","42","2021-04-16 04:14:23.574"
"968","3266","1008","186","2021-04-16 04:14:23.574"
"969","3298","1008","5","2021-04-16 04:14:23.574"
"970","3298","1008","60","2021-04-16 04:14:25.085"
"971","3327","1003","29","2021-04-16 04:14:35.552"
"972","3309","1002","37","2021-04-16 04:14:35.552"
"973","3337","1004","79","2021-04-16 04:14:46.599"
"974","3337","1004","80","2021-04-16 04:14:50.716"
"975","3337","1004","31","2021-04-16 04:15:01.824"
"976","3346","1004","53","2021-04-16 04:15:01.824"
"977","3352","1004","14","2021-04-16 04:15:01.824"
"978","3352","1004","22","2021-04-16 04:15:06.114"
"979","3336","1003","21","2021-04-16 04:15:06.114"
"980","3331","1002","29","2021-04-16 04:15:06.114"
"981","3321","1001","20","2021-04-16 04:15:06.114"
"982","3350","1005","44","2021-04-16 04:15:08.664"
"983","3355","1005","43","2021-04-16 04:15:08.664"
"984","3356","1005","46","2021-04-16 04:15:08.664"
"985","3342","1006","134","2021-04-16 04:15:08.664"
"986","3351","1006","39","2021-04-16 04:15:08.664"
"987","3353","1006","88","2021-04-16 04:15:08.664"
"988","3357","1006","22","2021-04-16 04:15:08.664"
"989","3335","1007","88","2021-04-16 04:15:08.664"
"990","3349","1007","26","2021-04-16 04:15:08.664"
"991","3298","1008","61","2021-04-16 04:15:08.664"
"992","3301","1008","118","2021-04-16 04:15:08.664"
"993","3338","1008","30","2021-04-16 04:15:08.664"
"994","3340","1008","21","2021-04-16 04:15:08.664"
"995","3341","1008","35","2021-04-16 04:15:08.664"
"996","3296","1009","331","2021-04-16 04:15:08.664"
"997","3310","1009","70","2021-04-16 04:15:08.664"
"998","3315","1009","86","2021-04-16 04:15:08.664"
"999","3330","1009","49","2021-04-16 04:15:08.664"
"1000","3332","1009","34","2021-04-16 04:15:08.664"
"1001","3364","1009","67","2021-04-16 04:15:12.225"
"1002","3364","1009","57","2021-04-16 04:15:13.239"
"1003","3370","1010","28","2021-04-16 04:15:26.726"
"1004","3364","1009","62","2021-04-16 04:15:26.726"
"1005","3363","1008","43","2021-04-16 04:15:26.726"
"1006","3368","1008","17","2021-04-16 04:15:26.726"
"1007","3390","1018","35","2021-04-16 04:16:15.436"
"1008","3394","1018","27","2021-04-16 04:16:15.436"
"1009","3369","1008","115","2021-04-16 04:16:16.459"
"1010","3369","1008","255","2021-04-16 04:16:17.070"
"1011","3409","1015","64","2021-04-16 04:16:23.850"
"1012","3410","1016","207","2021-04-16 04:16:23.850"
"1013","3417","1014","63","2021-04-16 04:16:30.572"
"1014","3428","1011","25","2021-04-16 04:16:56.617"
"1015","3434","1011","57","2021-04-16 04:16:56.617"
"1016","3435","1011","21","2021-04-16 04:17:41.129"
"1017","3438","1011","59","2021-04-16 04:17:41.129"
"1018","3445","1008","21","2021-04-16 04:18:01.343"
"1019","3487","1008","27","2021-04-16 04:18:12.790"
"1020","3482","1009","44","2021-04-16 04:18:12.790"
"1021","3489","1009","72","2021-04-16 04:18:12.790"
"1022","3489","1009","97","2021-04-16 04:18:13.774"
"1023","3490","1009","44","2021-04-16 04:18:13.774"
"1024","3491","1009","15","2021-04-16 04:18:13.774"
"1025","3513","1008","27","2021-04-16 04:19:40.197"
"1026","3502","1007","25","2021-04-16 04:19:40.197"
"1027","3503","1006","15","2021-04-16 04:19:40.197"
"1028","3518","1007","32","2021-04-16 04:19:51.144"
"1029","3516","1008","93","2021-04-16 04:19:51.144"
"1030","3506","1009","55","2021-04-16 04:19:51.144"
"1031","3473","1010","14","2021-04-16 04:19:51.144"
"1032","3503","1006","13","2021-04-16 04:19:53.535"
"1033","3488","1005","22","2021-04-16 04:19:53.535"
"1034","3517","1005","23","2021-04-16 04:19:53.535"
"1035","3473","1010","17","2021-04-16 04:20:24.178"
"1036","3514","1010","25","2021-04-16 04:20:24.178"
"1037","3523","1011","15","2021-04-16 04:20:24.178"
"1038","3523","1011","11","2021-04-16 04:20:35.213"
"1039","3529","1011","72","2021-04-16 04:20:35.213"
"1040","3533","1011","87","2021-04-16 04:20:35.213"
"1041","3542","1007","63","2021-04-16 04:20:35.393"
"1042","3543","1006","21","2021-04-16 04:20:39.142"
"1043","3558","1010","58","2021-04-16 04:20:47.631"
"1044","3559","1011","39","2021-04-16 04:20:47.631"
"1045","3559","1011","51","2021-04-16 04:21:04.417"
"1046","3566","1010","30","2021-04-16 04:21:11.541"
"1047","3569","1010","30","2021-04-16 04:21:11.541"
"1048","3564","1009","5","2021-04-16 04:21:11.541"
"1049","3564","1009","16","2021-04-16 04:21:39.402"
"1050","3577","1009","59","2021-04-16 04:21:39.402"
"1051","3578","1009","6","2021-04-16 04:21:39.402"
"1052","3595","1009","44","2021-04-16 04:22:00.087"
"1053","3576","1010","40","2021-04-16 04:22:00.087"
"1054","3605","1011","60","2021-04-16 04:22:09.258"
"1055","3574","1012","57","2021-04-16 04:22:09.898"
"1056","3624","1013","43","2021-04-16 04:22:13.590"
"1057","3632","1020","87","2021-04-16 04:22:14.564"
"1058","3626","1009","60","2021-04-16 04:22:18.836"
"1059","3622","1008","39","2021-04-16 04:22:18.836"
"1060","3593","1007","30","2021-04-16 04:22:18.836"
"1061","3597","1007","69","2021-04-16 04:22:18.836"
"1062","3609","1007","44","2021-04-16 04:22:18.836"
"1063","3638","1013","21","2021-04-16 04:22:20.604"
"1064","3647","1010","684","2021-04-16 04:22:28.224"
"1065","3644","1009","23","2021-04-16 04:22:28.224"
"1066","3637","1008","26","2021-04-16 04:22:28.224"
"1067","3609","1007","90","2021-04-16 04:22:28.224"
"1068","3639","1007","31","2021-04-16 04:22:28.224"
"1069","3643","1007","25","2021-04-16 04:22:28.224"
"1070","3556","1006","33","2021-04-16 04:22:28.224"
"1071","3655","1013","47","2021-04-16 04:22:42.520"
"1072","3659","1014","8","2021-04-16 04:22:42.520"
"1073","3659","1014","33","2021-04-16 04:22:44.114"
"1074","3663","1014","35","2021-04-16 04:22:44.114"
"1075","3665","1015","31","2021-04-16 04:22:44.114"
"1076","3667","1013","91","2021-04-16 04:22:56.214"
"1077","3662","1012","9","2021-04-16 04:22:56.214"
"1078","3675","1014","31","2021-04-16 04:23:01.153"
"1079","3676","1014","26","2021-04-16 04:23:01.153"
"1080","3681","1013","36","2021-04-16 04:23:11.983"
"1081","3693","1013","19","2021-04-16 04:23:11.983"
"1082","3697","1013","116","2021-04-16 04:23:14.113"
"1083","3697","1013","3","2021-04-16 04:23:15.340"
"1084","3700","1012","34","2021-04-16 04:23:15.340"
"1085","3702","1012","40","2021-04-16 04:23:15.340"
"1086","3706","1006","50","2021-04-16 04:23:16.722"
"1087","3716","1008","33","2021-04-16 04:23:28.434"
"1088","3712","1007","22","2021-04-16 04:23:28.434"
"1089","3726","1012","60","2021-04-16 04:23:36.444"
"1090","3725","1013","27","2021-04-16 04:23:36.444"
"1091","3706","1006","25","2021-04-16 04:23:39.620"
"1092","3715","1006","33","2021-04-16 04:23:39.620"
"1093","3725","1013","24","2021-04-16 04:23:49.377"
"1094","3742","1016","38","2021-04-16 04:23:51.956"
"1095","3747","1008","59","2021-04-16 04:24:00.229"
"1096","3758","1016","97","2021-04-16 04:24:12.421"
"1097","3762","1019","52","2021-04-16 04:24:27.727"
"1098","3770","1012","29","2021-04-16 04:24:46.328"
"1099","3760","1011","48","2021-04-16 04:24:46.328"
"1100","3764","1010","23","2021-04-16 04:24:46.328"
"1101","3766","1010","28","2021-04-16 04:24:46.328"
"1102","3768","1010","23","2021-04-16 04:24:46.328"
"1103","3755","1009","57","2021-04-16 04:24:46.328"
"1104","3747","1008","99","2021-04-16 04:24:46.328"
"1105","3749","1007","15","2021-04-16 04:24:46.328"
"1106","3769","1021","81","2021-04-16 04:24:53.289"
"1107","3772","1008","23","2021-04-16 04:24:57.062"
"1108","3749","1007","34","2021-04-16 04:24:57.062"
"1109","3740","1006","29","2021-04-16 04:24:57.062"
"1110","3788","1017","91","2021-04-16 04:25:31.301"
"1111","3796","1017","24","2021-04-16 04:25:31.301"
"1112","3798","1017","25","2021-04-16 04:25:31.301"
"1113","3806","1017","9","2021-04-16 04:25:31.301"
"1114","3806","1017","31","2021-04-16 04:25:32.554"
"1115","3785","1018","27","2021-04-16 04:25:32.554"
"1116","3810","1017","20","2021-04-16 04:25:34.807"
"1117","3785","1018","87","2021-04-16 04:25:34.807"
"1118","3794","1018","114","2021-04-16 04:25:34.807"
"1119","3807","1018","7","2021-04-16 04:25:34.807"
"1120","3814","1020","51","2021-04-16 04:26:05.029"
"1121","3817","1021","16","2021-04-16 04:26:05.029"
"1122","3795","1016","61","2021-04-16 04:26:08.070"
"1123","3799","1016","21","2021-04-16 04:26:08.070"
"1124","3822","1015","72","2021-04-16 04:26:08.070"
"1125","3837","1019","26","2021-04-16 04:26:30.809"
"1126","3842","1019","29","2021-04-16 04:26:30.809"
"1127","3842","1019","32","2021-04-16 04:26:34.350"
"1128","3839","1018","24","2021-04-16 04:26:34.350"
"1129","3843","1018","34","2021-04-16 04:26:34.350"
"1130","3848","1018","46","2021-04-16 04:26:34.350"
"1131","3828","1017","25","2021-04-16 04:26:34.350"
"1132","3832","1017","45","2021-04-16 04:26:34.350"
"1133","3827","1016","54","2021-04-16 04:26:34.350"
"1134","3835","1016","86","2021-04-16 04:26:34.350"
"1135","3854","1015","24","2021-04-16 04:26:40.083"
"1136","3831","1020","63","2021-04-16 04:26:42.859"
"1137","3831","1020","229","2021-04-16 04:26:43.171"
"1138","3873","1020","64","2021-04-16 04:26:51.532"
"1139","3873","1020","167","2021-04-16 04:26:55.927"
"1140","3876","1019","32","2021-04-16 04:27:00.938"
"1141","3882","1019","30","2021-04-16 04:27:00.938"
"1142","3885","1019","77","2021-04-16 04:27:00.938"
"1143","3885","1019","48","2021-04-16 04:27:02.029"
"1144","3878","1020","98","2021-04-16 04:27:14.292"
"1145","3883","1020","39","2021-04-16 04:27:14.292"
"1146","3893","1020","26","2021-04-16 04:27:14.292"
"1147","3895","1020","18","2021-04-16 04:27:14.292"
"1148","3921","1019","33","2021-04-16 04:27:38.480"
"1149","3922","1019","19","2021-04-16 04:27:38.480"
"1150","3895","1020","21","2021-04-16 04:28:12.553"
"1151","3902","1020","28","2021-04-16 04:28:12.553"
"1152","3914","1020","51","2021-04-16 04:28:12.553"
"1153","3928","1020","28","2021-04-16 04:28:12.553"
"1154","3996","1019","67","2021-04-16 04:29:37.844"
"1155","4000","1019","5","2021-04-16 04:29:37.844"
"1156","3963","1018","37","2021-04-16 04:29:49.492"
"1157","3998","1018","34","2021-04-16 04:29:49.492"
"1158","4001","1018","28","2021-04-16 04:29:49.492"
"1159","4033","1018","23","2021-04-16 04:30:53.816"
"1160","4045","1017","35","2021-04-16 04:30:53.816"
"1161","4069","1018","240","2021-04-16 04:32:02.848"
"1162","4043","1019","239","2021-04-16 04:32:02.848"
"1163","4053","1019","115","2021-04-16 04:32:02.848"
"1164","4056","1019","25","2021-04-16 04:32:02.848"
"1165","4058","1019","25","2021-04-16 04:32:02.848"
"1166","3929","1020","93","2021-04-16 04:32:02.848"
"1167","3945","1020","11","2021-04-16 04:32:02.848"
"1168","3953","1020","68","2021-04-16 04:32:32.955"
"1169","3965","1020","64","2021-04-16 04:32:32.955"
"1170","4087","1019","37","2021-04-16 04:32:41.020"
"1171","4088","1019","39","2021-04-16 04:32:41.020"
"1172","4088","1019","5","2021-04-16 04:32:56.194"
"1173","4090","1019","23","2021-04-16 04:32:56.194"
"1174","3965","1020","28","2021-04-16 04:32:56.194"
"1175","4073","1018","72","2021-04-16 04:33:12.682"
"1176","4074","1018","1","2021-04-16 04:33:12.682"
"1177","4074","1018","74","2021-04-16 04:33:17.829"
"1178","4077","1018","49","2021-04-16 04:33:17.829"
"1179","4089","1017","193","2021-04-16 04:33:17.829"
"1180","4097","1019","22","2021-04-16 04:33:18.635"
"1181","4103","1019","35","2021-04-16 04:33:18.635"
"1182","4103","1019","12","2021-04-16 04:33:18.656"
"1183","3965","1020","55","2021-04-16 04:33:18.656"
"1184","3972","1020","69","2021-04-16 04:34:11.594"
"1185","4126","1019","30","2021-04-16 04:34:13.089"
"1186","4125","1018","81","2021-04-16 04:34:13.089"
"1187","4089","1017","75","2021-04-16 04:34:13.089"
"1188","4137","1018","79","2021-04-16 04:34:15.722"
"1189","4089","1017","402","2021-04-16 04:34:15.722"
"1190","4104","1017","27","2021-04-16 04:34:15.722"
"1191","3972","1020","309","2021-04-16 04:34:15.869"
"1192","4156","1018","33","2021-04-16 04:34:38.363"
"1193","4148","1017","35","2021-04-16 04:34:38.363"
"1194","4155","1017","34","2021-04-16 04:34:38.363"
"1195","4123","1016","30","2021-04-16 04:34:38.363"
"1196","4146","1019","31","2021-04-16 04:34:38.826"
"1197","4151","1019","22","2021-04-16 04:34:38.826"
"1198","4161","1017","63","2021-04-16 04:34:39.420"
"1199","4123","1016","101","2021-04-16 04:34:39.420"
"1200","4151","1019","49","2021-04-16 04:34:42.044"
"1201","3972","1020","11","2021-04-16 04:34:42.044"
"1202","4167","1019","60","2021-04-16 04:34:45.144"
"1203","4167","1019","114","2021-04-16 04:34:46.241"
"1204","4186","1014","112","2021-04-16 04:34:54.528"
"1205","4191","1018","22","2021-04-16 04:34:57.272"
"1206","4194","1018","42","2021-04-16 04:34:57.272"
"1207","4182","1019","31","2021-04-16 04:34:58.538"
"1208","3972","1020","319","2021-04-16 04:34:58.538"
"1209","3977","1020","64","2021-04-16 04:34:58.538"
"1210","3994","1020","52","2021-04-16 04:34:58.538"
"1211","4196","1013","21","2021-04-16 04:34:59.237"
"1212","4200","1012","21","2021-04-16 04:34:59.237"
"1213","4216","1018","25","2021-04-16 04:35:13.442"
"1214","4220","1018","26","2021-04-16 04:35:13.442"
"1215","4243","1018","21","2021-04-16 04:35:21.565"
"1216","4211","1017","31","2021-04-16 04:35:21.565"
"1217","4218","1017","29","2021-04-16 04:35:21.565"
"1218","4228","1017","35","2021-04-16 04:35:21.565"
"1219","4241","1017","30","2021-04-16 04:35:21.565"
"1220","4242","1017","31","2021-04-16 04:35:21.565"
"1221","4245","1017","29","2021-04-16 04:35:21.565"
"1222","4210","1016","10","2021-04-16 04:35:21.565"
"1223","4210","1016","11","2021-04-16 04:35:22.615"
"1224","4213","1016","114","2021-04-16 04:35:22.615"
"1225","4258","1018","29","2021-04-16 04:35:33.292"
"1226","4265","1018","24","2021-04-16 04:35:33.292"
"1227","4272","1017","66","2021-04-16 04:35:43.853"
"1228","4272","1017","153","2021-04-16 04:35:44.777"
"1229","4273","1017","48","2021-04-16 04:35:44.777"
"1230","4296","1014","35","2021-04-16 04:35:48.701"
"1231","4294","1015","38","2021-04-16 04:35:48.701"
"1232","4291","1016","7","2021-04-16 04:35:48.701"
"1233","4293","1010","29","2021-04-16 04:35:49.311"
"1234","4308","1014","76","2021-04-16 04:35:56.340"
"1235","4305","1015","4","2021-04-16 04:35:56.340"
"1236","4312","1005","140","2021-04-16 04:36:00.138"
"1237","4319","1012","34","2021-04-16 04:36:18.407"
"1238","4336","1009","67","2021-04-16 04:36:32.650"
"1239","4345","1010","20","2021-04-16 04:36:47.331"
"1240","4336","1009","9","2021-04-16 04:36:47.331"
"1241","4346","1009","24","2021-04-16 04:36:47.331"
"1242","4347","1009","47","2021-04-16 04:36:47.331"
"1243","4348","1009","70","2021-04-16 04:36:47.331"
"1244","4344","1013","107","2021-04-16 04:36:48.418"
"1245","4343","1014","27","2021-04-16 04:36:48.418"
"1246","4349","1014","22","2021-04-16 04:36:48.418"
"1247","4340","1015","102","2021-04-16 04:36:48.418"
"1248","4295","1016","24","2021-04-16 04:36:48.418"
"1249","4306","1016","69","2021-04-16 04:36:48.418"
"1250","4310","1016","38","2021-04-16 04:36:48.418"
"1251","4321","1016","22","2021-04-16 04:36:48.418"
"1252","4273","1017","14","2021-04-16 04:36:48.418"
"1253","4292","1017","26","2021-04-16 04:36:48.418"
"1254","4266","1018","71","2021-04-16 04:36:48.418"
"1255","4275","1018","49","2021-04-16 04:36:48.418"
"1256","4277","1018","21","2021-04-16 04:36:48.418"
"1257","4281","1018","23","2021-04-16 04:36:48.418"
"1258","4282","1018","21","2021-04-16 04:36:48.418"
"1259","4239","1019","42","2021-04-16 04:36:48.418"
"1260","4047","1020","46","2021-04-16 04:36:48.418"
"1261","4153","1020","23","2021-04-16 04:36:48.418"
"1262","4159","1020","69","2021-04-16 04:36:48.418"
"1263","4223","1020","69","2021-04-16 04:36:48.418"
"1264","4236","1020","23","2021-04-16 04:36:48.418"
"1265","3890","1021","50","2021-04-16 04:36:48.418"
"1266","3967","1021","38","2021-04-16 04:36:48.418"
"1267","4369","1016","39","2021-04-16 04:37:13.133"
"1268","4368","1015","48","2021-04-16 04:37:13.133"
"1269","4364","1014","126","2021-04-16 04:37:13.133"
"1270","4367","1013","26","2021-04-16 04:37:13.133"
"1271","4363","1020","157","2021-04-16 04:37:29.965"
"1272","4388","1012","124","2021-04-16 04:38:23.468"
"1273","4403","1012","26","2021-04-16 04:38:23.468"
"1274","4387","1011","274","2021-04-16 04:38:23.468"
"1275","4384","1010","34","2021-04-16 04:38:35.775"
"1276","4375","1009","16","2021-04-16 04:38:35.775"
"1277","4375","1009","14","2021-04-16 04:38:45.006"
"1278","4415","1008","42","2021-04-16 04:38:45.006"
"1279","4418","1008","26","2021-04-16 04:38:45.006"
"1280","4428","1017","50","2021-04-16 04:39:13.028"
"1281","4414","1018","60","2021-04-16 04:39:13.028"
"1282","4378","1020","5","2021-04-16 04:39:13.028"
"1283","4435","1019","26","2021-04-16 04:39:19.827"
"1284","4378","1020","27","2021-04-16 04:39:19.827"
"1285","4389","1020","9","2021-04-16 04:39:19.827"
"1286","4389","1020","34","2021-04-16 04:39:24.926"
"1287","4437","1020","35","2021-04-16 04:39:24.926"
"1288","4451","1017","30","2021-04-16 04:39:34.698"
"1289","4431","1016","25","2021-04-16 04:39:34.698"
"1290","4443","1015","18","2021-04-16 04:39:34.698"
"1291","4462","1017","32","2021-04-16 04:39:41.503"
"1292","4456","1018","37","2021-04-16 04:39:41.503"
"1293","4473","1020","33","2021-04-16 04:39:52.615"
"1294","4474","1020","38","2021-04-16 04:39:52.615"
"1295","4486","1020","20","2021-04-16 04:39:55.915"
"1296","4482","1019","21","2021-04-16 04:39:55.915"
"1297","4475","1018","26","2021-04-16 04:39:55.915"
"1298","4495","1019","30","2021-04-16 04:40:05.146"
"1299","4485","1018","21","2021-04-16 04:40:05.146"
"1300","4485","1018","25","2021-04-16 04:40:13.511"
"1301","4496","1018","29","2021-04-16 04:40:13.511"
"1302","4492","1017","12","2021-04-16 04:40:13.511"
"1303","4479","1021","69","2021-04-16 04:40:17.152"
"1304","4479","1021","33","2021-04-16 04:40:17.668"
"1305","4481","1021","36","2021-04-16 04:40:17.668"
"1306","4490","1022","36","2021-04-16 04:40:17.668"
"1307","4491","1022","173","2021-04-16 04:40:17.668"
"1308","4491","1022","40","2021-04-16 04:40:19.608"
"1309","4494","1022","25","2021-04-16 04:40:19.608"
"1310","4507","1022","190","2021-04-16 04:40:19.608"
"1311","4514","1018","22","2021-04-16 04:40:22.700"
"1312","4492","1017","8","2021-04-16 04:40:22.700"
"1313","4500","1017","21","2021-04-16 04:40:22.700"
"1314","4517","1026","79","2021-04-16 04:40:28.983"
"1315","4521","1018","22","2021-04-16 04:40:55.474"
"1316","4472","1016","66","2021-04-16 04:40:55.474"
"1317","4510","1016","24","2021-04-16 04:40:55.474"
"1318","4447","1015","33","2021-04-16 04:40:55.474"
"1319","4525","1025","75","2021-04-16 04:41:14.790"
"1320","4525","1025","213","2021-04-16 04:41:25.445"
"1321","4525","1025","19","2021-04-16 04:41:38.090"
"1322","4520","1026","33","2021-04-16 04:41:38.091"
"1323","4533","1017","21","2021-04-16 04:41:41.350"
"1324","4528","1016","35","2021-04-16 04:41:41.350"
"1325","4534","1016","26","2021-04-16 04:41:41.350"
"1326","4447","1015","49","2021-04-16 04:41:41.350"
"1327","4542","1016","20","2021-04-16 04:42:41.442"
"1328","4546","1020","43","2021-04-16 04:42:52.644"
"1329","4550","1018","26","2021-04-16 04:43:18.854"
"1330","4554","1017","86","2021-04-16 04:43:18.854"
"1331","4552","1021","43","2021-04-16 04:43:50.652"
"1332","4558","1022","29","2021-04-16 04:43:50.652"
"1333","4576","1016","47","2021-04-16 04:44:54.356"
"1334","4582","1018","86","2021-04-16 04:45:19.671"
"1335","4582","1018","66","2021-04-16 04:45:22.481"
"1336","4566","1019","27","2021-04-16 04:45:22.481"
"1337","4588","1017","56","2021-04-16 04:45:45.481"
"1338","4601","1020","43","2021-04-16 04:45:52.558"
"1339","4602","1021","8","2021-04-16 04:45:52.558"
"1340","4612","1018","23","2021-04-16 04:45:59.040"
"1341","4588","1017","30","2021-04-16 04:45:59.040"
"1342","4615","1020","80","2021-04-16 04:46:03.873"
"1343","4621","1019","23","2021-04-16 04:46:10.209"
"1344","4615","1020","105","2021-04-16 04:46:10.209"
"1345","4615","1020","44","2021-04-16 04:46:10.403"
"1346","4605","1021","7","2021-04-16 04:46:10.403"
"1347","4617","1018","31","2021-04-16 04:46:13.204"
"1348","4588","1017","31","2021-04-16 04:46:13.204"
"1349","4619","1017","25","2021-04-16 04:46:13.204"
"1350","4624","1017","16","2021-04-16 04:46:13.204"
"1351","4633","1021","26","2021-04-16 04:46:49.079"
"1352","4635","1022","51","2021-04-16 04:46:49.079"
"1353","4636","1022","18","2021-04-16 04:46:49.079"
"1354","4646","1019","64","2021-04-16 04:46:52.953"
"1355","4643","1018","32","2021-04-16 04:47:19.424"
"1356","4641","1017","32","2021-04-16 04:47:19.424"
"1357","4660","1018","104","2021-04-16 04:47:20.393"
"1358","4641","1017","82","2021-04-16 04:47:20.393"
"1359","4641","1017","74","2021-04-16 04:47:25.723"
"1360","4641","1017","64","2021-04-16 04:47:30.019"
"1361","4666","1020","89","2021-04-16 04:47:34.153"
"1362","4641","1017","64","2021-04-16 04:47:44.012"
"1363","4641","1017","61","2021-04-16 04:47:47.398"
"1364","4676","1018","24","2021-04-16 04:47:49.275"
"1365","4674","1019","25","2021-04-16 04:47:49.275"
"1366","4672","1020","29","2021-04-16 04:47:49.275"
"1367","4641","1017","81","2021-04-16 04:48:21.887"
"1368","4672","1020","17","2021-04-16 04:48:57.494"
"1369","4663","1021","56","2021-04-16 04:48:57.494"
"1370","4650","1022","107","2021-04-16 04:48:57.494"
"1371","4709","1019","27","2021-04-16 04:49:09.963"
"1372","4705","1018","22","2021-04-16 04:49:09.963"
"1373","4641","1017","121","2021-04-16 04:49:09.963"
"1374","4697","1017","529","2021-04-16 04:49:09.963"
"1375","4650","1022","202","2021-04-16 04:49:26.798"
"1376","4652","1022","109","2021-04-16 04:50:02.524"
"1377","4752","1021","23","2021-04-16 04:50:16.564"
"1378","4756","1024","106","2021-04-16 04:50:23.842"
"1379","4744","1019","53","2021-04-16 04:50:27.042"
"1380","4759","1018","60","2021-04-16 04:50:30.911"
"1381","4697","1017","22","2021-04-16 04:50:30.911"
"1382","4697","1017","101","2021-04-16 04:50:32.951"
"1383","4767","1027","41","2021-04-16 04:50:37.145"
"1384","4760","1028","31","2021-04-16 04:50:37.145"
"1385","4697","1017","79","2021-04-16 04:50:37.449"
"1386","4775","1023","207","2021-04-16 04:50:41.298"
"1387","4773","1024","27","2021-04-16 04:50:41.298"
"1388","4782","1021","30","2021-04-16 04:50:58.986"
"1389","4780","1022","32","2021-04-16 04:50:58.986"
"1390","4789","1022","7","2021-04-16 04:50:58.986"
"1391","4789","1022","23","2021-04-16 04:51:00.599"
"1392","4802","1022","28","2021-04-16 04:51:25.471"
"1393","4795","1023","36","2021-04-16 04:51:25.471"
"1394","4794","1018","104","2021-04-16 04:51:30.013"
"1395","4811","1025","39","2021-04-16 04:51:40.615"
"1396","4809","1026","22","2021-04-16 04:51:40.615"
"1397","4812","1026","64","2021-04-16 04:51:40.615"
"1398","4697","1017","66","2021-04-16 04:51:43.578"
"1399","4818","1016","71","2021-04-16 04:51:43.578"
"1400","4823","1015","116","2021-04-16 04:52:16.028"
"1401","4828","1014","85","2021-04-16 04:52:16.028"
"1402","4844","1021","47","2021-04-16 04:53:15.639"
"1403","4842","1022","12","2021-04-16 04:53:15.639"
"1404","4843","1017","103","2021-04-16 04:53:19.532"
"1405","4836","1016","49","2021-04-16 04:53:19.532"
"1406","4857","1020","21","2021-04-16 04:53:30.011"
"1407","4856","1021","77","2021-04-16 04:53:30.011"
"1408","4853","1022","42","2021-04-16 04:53:30.011"
"1409","4873","1016","61","2021-04-16 04:53:40.766"
"1410","4852","1015","46","2021-04-16 04:53:40.766"
"1411","4852","1015","3","2021-04-16 04:53:41.207"
"1412","4867","1015","61","2021-04-16 04:53:41.207"
"1413","4868","1020","45","2021-04-16 04:53:47.964"
"1414","4860","1021","37","2021-04-16 04:53:47.964"
"1415","4882","1021","13","2021-04-16 04:53:47.964"
"1416","4882","1021","25","2021-04-16 04:53:54.795"
"1417","4853","1022","101","2021-04-16 04:53:54.795"
"1418","4863","1022","7","2021-04-16 04:53:54.795"
"1419","4901","1019","20","2021-04-16 04:54:28.644"
"1420","4900","1020","30","2021-04-16 04:54:28.644"
"1421","4893","1021","27","2021-04-16 04:54:28.644"
"1422","4893","1021","16","2021-04-16 04:54:30.016"
"1423","4863","1022","17","2021-04-16 04:54:30.016"
"1424","4848","1023","22","2021-04-16 04:54:30.016"
"1425","4898","1017","88","2021-04-16 04:54:34.931"
"1426","4908","1021","116","2021-04-16 04:54:56.419"
"1427","4917","1021","2","2021-04-16 04:54:56.419"
"1428","4905","1022","25","2021-04-16 04:55:01.659"
"1429","4848","1023","10","2021-04-16 04:55:01.659"
"1430","4854","1023","31","2021-04-16 04:55:01.659"
"1431","4922","1023","39","2021-04-16 04:55:01.659"
"1432","4839","1025","33","2021-04-16 04:55:01.659"
"1433","4817","1027","65","2021-04-16 04:55:01.659"
"1434","4928","1019","38","2021-04-16 04:55:06.262"
"1435","4921","1018","48","2021-04-16 04:55:06.262"
"1436","4906","1017","27","2021-04-16 04:55:06.262"
"1437","4925","1017","8","2021-04-16 04:55:06.262"
"1438","4930","1018","46","2021-04-16 04:55:08.067"
"1439","4925","1017","10","2021-04-16 04:55:08.067"
"1440","4933","1018","40","2021-04-16 04:55:09.216"
"1441","4925","1017","14","2021-04-16 04:55:09.216"
"1442","4910","1016","26","2021-04-16 04:55:09.216"
"1443","4913","1016","95","2021-04-16 04:55:09.216"
"1444","4914","1016","47","2021-04-16 04:55:09.216"
"1445","4867","1015","38","2021-04-16 04:55:09.216"
"1446","4895","1015","90","2021-04-16 04:55:09.216"
"1447","4897","1015","42","2021-04-16 04:55:09.216"
"1448","4883","1014","24","2021-04-16 04:55:09.216"
"1449","4941","1017","21","2021-04-16 04:55:13.959"
"1450","4940","1016","31","2021-04-16 04:55:13.959"
"1451","4949","1024","36","2021-04-16 04:55:21.398"
"1452","4948","1025","25","2021-04-16 04:55:21.398"
"1453","4938","1015","49","2021-04-16 04:55:23.864"
"1454","4955","1023","42","2021-04-16 04:55:25.246"
"1455","4967","1009","119","2021-04-16 04:55:36.232"
"1456","4989","1010","138","2021-04-16 04:55:49.227"
"1457","4997","1018","27","2021-04-16 04:55:58.842"
"1458","4993","1019","22","2021-04-16 04:55:58.842"
"1459","4996","1020","22","2021-04-16 04:55:58.842"
"1460","4996","1020","70","2021-04-16 04:56:03.582"
"1461","5012","1021","23","2021-04-16 04:56:03.582"
"1462","5039","1018","30","2021-04-16 04:56:18.080"
"1463","5020","1019","30","2021-04-16 04:56:18.080"
"1464","5043","1019","21","2021-04-16 04:56:18.080"
"1465","5044","1019","32","2021-04-16 04:56:18.080"
"1466","5044","1019","4","2021-04-16 04:56:20.663"
"1467","5037","1020","54","2021-04-16 04:56:20.663"
"1468","5013","1021","11","2021-04-16 04:56:20.663"
"1469","5052","1020","23","2021-04-16 04:56:22.769"
"1470","5013","1021","14","2021-04-16 04:56:22.769"
"1471","5014","1021","24","2021-04-16 04:56:22.769"
"1472","5040","1015","28","2021-04-16 04:56:27.865"
"1473","5061","1020","29","2021-04-16 04:56:31.946"
"1474","5014","1021","29","2021-04-16 04:56:31.946"
"1475","5015","1021","52","2021-04-16 04:56:31.946"
"1476","5079","1020","23","2021-04-16 04:56:33.148"
"1477","5015","1021","7","2021-04-16 04:56:33.148"
"1478","5016","1021","35","2021-04-16 04:56:33.148"
"1479","5053","1021","28","2021-04-16 04:56:33.148"
"1480","5104","1016","110","2021-04-16 04:56:43.051"
"1481","5094","1015","29","2021-04-16 04:56:44.879"
"1482","5110","1015","33","2021-04-16 04:56:44.879"
"1483","5110","1015","17","2021-04-16 04:56:44.884"
"1484","5086","1014","32","2021-04-16 04:56:44.884"
"1485","5106","1020","58","2021-04-16 04:56:45.073"
"1486","5053","1021","6","2021-04-16 04:56:45.074"
"1487","5062","1021","6","2021-04-16 04:56:45.074"
"1488","5116","1019","37","2021-04-16 04:56:59.418"
"1489","5129","1019","306","2021-04-16 04:56:59.418"
"1490","5130","1020","89","2021-04-16 04:57:18.106"
"1491","5062","1021","16","2021-04-16 04:57:18.106"
"1492","5096","1021","36","2021-04-16 04:57:18.106"
"1493","5097","1021","50","2021-04-16 04:57:18.106"
"1494","5109","1021","169","2021-04-16 04:57:18.106"
"1495","5112","1021","20","2021-04-16 04:57:18.106"
"1496","5128","1021","32","2021-04-16 04:57:18.106"
"1497","5132","1021","127","2021-04-16 04:57:18.106"
"1498","5135","1021","39","2021-04-16 04:57:18.106"
"1499","5138","1021","239","2021-04-16 04:57:18.106"
"1500","5140","1021","25","2021-04-16 04:57:18.106"
"1501","5141","1021","22","2021-04-16 04:57:18.106"
"1502","5088","1022","29","2021-04-16 04:57:18.106"
"1503","5118","1022","105","2021-04-16 04:57:18.106"
"1504","5142","1014","380","2021-04-16 04:57:20.182"
"1505","5139","1013","90","2021-04-16 04:57:20.182"
"1506","5149","1014","25","2021-04-16 04:57:31.727"
"1507","5139","1013","87","2021-04-16 04:57:31.727"
"1508","5155","1014","90","2021-04-16 04:57:33.885"
"1509","5164","1021","30","2021-04-16 04:57:40.953"
"1510","5161","1022","49","2021-04-16 04:57:40.953"
"1511","5161","1022","9","2021-04-16 04:57:48.957"
"1512","5159","1023","36","2021-04-16 04:57:48.957"
"1513","5168","1017","59","2021-04-16 04:57:50.490"
"1514","5162","1016","69","2021-04-16 04:57:50.490"
"1515","5160","1015","40","2021-04-16 04:57:50.490"
"1516","5166","1015","26","2021-04-16 04:57:50.490"
"1517","5191","1018","32","2021-04-16 04:58:50.019"
"1518","5197","1018","457","2021-04-16 04:58:50.019"
"1519","5198","1018","6","2021-04-16 04:58:50.019"
"1520","5208","1017","37","2021-04-16 04:59:14.551"
"1521","5174","1016","13","2021-04-16 04:59:14.551"
"1522","5225","1016","25","2021-04-16 04:59:39.331"
"1523","5166","1015","14","2021-04-16 04:59:39.331"
"1524","5204","1015","127","2021-04-16 04:59:39.331"
"1525","5218","1015","33","2021-04-16 04:59:39.331"
"1526","5219","1015","79","2021-04-16 04:59:39.331"
"1527","5222","1017","76","2021-04-16 04:59:42.529"
"1528","5222","1017","51","2021-04-16 04:59:47.508"
"1529","5246","1015","26","2021-04-16 05:00:46.960"
"1530","5252","1015","37","2021-04-16 05:00:46.960"
"1531","5258","1015","21","2021-04-16 05:00:46.960"
"1532","5259","1015","21","2021-04-16 05:00:46.960"
"1533","5243","1016","97","2021-04-16 05:00:46.960"
"1534","5249","1016","22","2021-04-16 05:00:46.960"
"1535","5250","1016","78","2021-04-16 05:00:46.960"
"1536","5222","1017","185","2021-04-16 05:00:46.960"
"1537","5226","1017","47","2021-04-16 05:00:46.960"
"1538","5206","1018","72","2021-04-16 05:00:46.960"
"1539","5210","1018","36","2021-04-16 05:00:46.960"
"1540","5223","1018","43","2021-04-16 05:00:46.960"
"1541","5233","1018","27","2021-04-16 05:00:46.960"
"1542","5190","1019","37","2021-04-16 05:00:46.960"
"1543","5201","1019","27","2021-04-16 05:00:46.960"
"1544","5212","1019","23","2021-04-16 05:00:46.960"
"1545","5215","1019","28","2021-04-16 05:00:46.960"
"1546","5216","1019","45","2021-04-16 05:00:46.960"
"1547","5184","1020","34","2021-04-16 05:00:46.960"
"1548","5181","1021","36","2021-04-16 05:00:46.960"
"1549","5179","1023","85","2021-04-16 05:00:46.960"
"1550","5269","1022","62","2021-04-16 05:00:52.355"
"1551","5261","1023","51","2021-04-16 05:00:52.355"
"1552","5261","1023","53","2021-04-16 05:00:53.948"
"1553","5286","1021","50","2021-04-16 05:01:18.477"
"1554","5290","1018","96","2021-04-16 05:01:21.802"
"1555","5294","1020","34","2021-04-16 05:01:29.619"
"1556","5286","1021","103","2021-04-16 05:01:29.619"
"1557","5295","1021","21","2021-04-16 05:01:29.619"
"1558","5298","1021","112","2021-04-16 05:01:29.619"
"1559","5302","1019","28","2021-04-16 05:01:35.637"
"1560","5306","1019","40","2021-04-16 05:01:35.637"
"1561","5305","1020","48","2021-04-16 05:01:36.786"
"1562","5306","1019","11","2021-04-16 05:01:37.236"
"1563","5297","1018","24","2021-04-16 05:01:37.236"
"1564","5315","1018","49","2021-04-16 05:01:37.236"
"1565","5289","1017","3","2021-04-16 05:01:37.236"
"1566","5326","1018","59","2021-04-16 05:01:48.241"
"1567","5329","1025","55","2021-04-16 05:01:50.892"
"1568","5328","1026","20","2021-04-16 05:01:50.892"
"1569","5325","1027","24","2021-04-16 05:01:50.892"
"1570","5326","1018","25","2021-04-16 05:01:52.998"
"1571","5289","1017","36","2021-04-16 05:01:52.998"
"1572","5334","1019","79","2021-04-16 05:02:04.320"
"1573","5338","1019","49","2021-04-16 05:02:04.320"
"1574","5341","1019","36","2021-04-16 05:02:04.320"
"1575","5331","1020","81","2021-04-16 05:02:04.320"
"1576","5336","1018","67","2021-04-16 05:02:08.124"
"1577","5337","1018","8","2021-04-16 05:02:08.124"
"1578","5337","1018","12","2021-04-16 05:02:16.119"
"1579","5289","1017","41","2021-04-16 05:02:16.119"
"1580","5361","1018","74","2021-04-16 05:02:23.726"
"1581","5374","1021","36","2021-04-16 05:02:35.439"
"1582","5377","1021","21","2021-04-16 05:02:35.439"
"1583","5368","1020","102","2021-04-16 05:02:46.627"
"1584","5368","1020","50","2021-04-16 05:02:53.934"
"1585","5368","1020","157","2021-04-16 05:02:55.191"
"1586","5368","1020","89","2021-04-16 05:04:12.750"
"1587","5368","1020","50","2021-04-16 05:04:16.634"
"1588","5368","1020","176","2021-04-16 05:04:23.298"
"1589","5368","1020","79","2021-04-16 05:04:41.674"
"1590","5368","1020","1598","2021-04-16 05:04:50.665"
"1591","5402","1021","40","2021-04-16 05:04:52.562"
"1592","5413","1021","81","2021-04-16 05:04:52.562"
"1593","5413","1021","77","2021-04-16 05:05:02.434"
"1594","5413","1021","48","2021-04-16 05:05:09.789"
"1595","5417","1021","101","2021-04-16 05:05:09.789"
"1596","5432","1021","27","2021-04-16 05:05:09.789"
"1597","5435","1021","36","2021-04-16 05:05:09.789"
"1598","5460","1021","32","2021-04-16 05:05:09.789"
"1599","5373","1022","23","2021-04-16 05:05:09.789"
"1600","5392","1022","30","2021-04-16 05:05:09.789"
"1601","5426","1022","23","2021-04-16 05:05:09.789"
"1602","5464","1022","58","2021-04-16 05:05:09.789"
"1603","5348","1025","21","2021-04-16 05:05:09.789"
"1604","5470","1029","62","2021-04-16 05:05:11.629"
"1605","5368","1020","73","2021-04-16 05:05:15.915"
"1606","5475","1023","24","2021-04-16 05:05:25.935"
"1607","5481","1021","30","2021-04-16 05:05:31.005"
"1608","5418","1020","57","2021-04-16 05:05:31.005"
"1609","5418","1020","73","2021-04-16 05:05:43.085"
"1610","5450","1020","23","2021-04-16 05:05:43.085"
"1611","5507","1021","62","2021-04-16 05:06:23.586"
"1612","5507","1021","133","2021-04-16 05:06:23.941"
"1613","5507","1021","1","2021-04-16 05:06:35.630"
"1614","5528","1021","60","2021-04-16 05:06:35.630"
"1615","5467","1020","97","2021-04-16 05:06:35.630"
"1616","5522","1020","79","2021-04-16 05:06:35.630"
"1617","5378","1019","63","2021-04-16 05:06:35.630"
"1618","5438","1019","36","2021-04-16 05:06:35.630"
"1619","5451","1019","59","2021-04-16 05:06:35.630"
"1620","5473","1019","37","2021-04-16 05:06:35.630"
"1621","5473","1019","262","2021-04-16 05:06:44.387"
"1622","5492","1019","494","2021-04-16 05:06:44.387"
"1623","5287","1015","25","2021-04-16 05:06:47.474"
"1624","5257","1014","100","2021-04-16 05:06:47.474"
"1625","5550","1013","52","2021-04-16 05:07:04.257"
"1626","5515","1022","31","2021-04-16 05:07:04.875"
"1627","5523","1022","50","2021-04-16 05:07:04.875"
"1628","5531","1022","26","2021-04-16 05:07:04.875"
"1629","5566","1022","23","2021-04-16 05:07:04.875"
"1630","5529","1023","19","2021-04-16 05:07:04.875"
"1631","5529","1023","36","2021-04-16 05:07:07.456"
"1632","5535","1023","43","2021-04-16 05:07:07.456"
"1633","5543","1023","62","2021-04-16 05:07:15.910"
"1634","5548","1023","36","2021-04-16 05:07:15.910"
"1635","5551","1023","31","2021-04-16 05:07:15.910"
"1636","5601","1021","53","2021-04-16 05:07:35.911"
"1637","5605","1020","21","2021-04-16 05:07:36.592"
"1638","5601","1021","7","2021-04-16 05:07:36.592"
"1639","5595","1022","25","2021-04-16 05:07:36.592"
"1640","5602","1022","12","2021-04-16 05:07:36.592"
"1641","5589","1014","35","2021-04-16 05:07:39.918"
"1642","5556","1013","24","2021-04-16 05:07:39.918"
"1643","5602","1022","37","2021-04-16 05:07:55.156"
"1644","5551","1023","9","2021-04-16 05:07:55.156"
"1645","5559","1023","54","2021-04-16 05:07:55.156"
"1646","5628","1018","33","2021-04-16 05:08:08.256"
"1647","5627","1017","21","2021-04-16 05:08:08.256"
"1648","5622","1022","64","2021-04-16 05:08:09.198"
"1649","5627","1017","47","2021-04-16 05:08:10.407"
"1650","5632","1016","33","2021-04-16 05:08:10.407"
"1651","5631","1021","99","2021-04-16 05:08:11.261"
"1652","5638","1020","25","2021-04-16 05:08:15.061"
"1653","5631","1021","92","2021-04-16 05:08:15.061"
"1654","5622","1022","118","2021-04-16 05:08:15.061"
"1655","5622","1022","72","2021-04-16 05:08:18.632"
"1656","5649","1013","26","2021-04-16 05:08:24.712"
"1657","5637","1022","51","2021-04-16 05:08:25.043"
"1658","5641","1023","24","2021-04-16 05:08:25.043"
"1659","5642","1023","459","2021-04-16 05:08:25.043"
"1660","5616","1024","25","2021-04-16 05:08:25.043"
"1661","5658","1008","22","2021-04-16 05:08:28.640"
"1662","5669","1017","52","2021-04-16 05:08:32.240"
"1663","5676","1021","38","2021-04-16 05:08:39.561"
"1664","5674","1011","59","2021-04-16 05:08:41.597"
"1665","5673","1010","23","2021-04-16 05:08:41.597"
"1666","5681","1008","28","2021-04-16 05:08:45.532"
"1667","5692","1012","32","2021-04-16 05:08:53.913"
"1668","5695","1013","23","2021-04-16 05:08:53.913"
"1669","5699","1015","44","2021-04-16 05:08:57.333"
"1670","5697","1016","41","2021-04-16 05:08:57.333"
"1671","5705","1005","29","2021-04-16 05:09:14.671"
"1672","5710","1004","35","2021-04-16 05:09:14.671"
"1673","5717","1005","28","2021-04-16 05:09:16.028"
"1674","5710","1004","14","2021-04-16 05:09:16.028"
"1675","5714","1004","10","2021-04-16 05:09:16.028"
"1676","5727","1010","31","2021-04-16 05:09:32.370"
"1677","5720","1011","33","2021-04-16 05:09:32.370"
"1678","5737","1010","42","2021-04-16 05:09:56.180"
"1679","5720","1011","44","2021-04-16 05:09:56.180"
"1680","5754","1011","60","2021-04-16 05:10:13.355"
"1681","5753","1008","33","2021-04-16 05:10:18.592"
"1682","5751","1007","21","2021-04-16 05:10:18.592"
"1683","5726","1012","25","2021-04-16 05:10:21.929"
"1684","5763","1014","34","2021-04-16 05:10:29.332"
"1685","5751","1007","5","2021-04-16 05:10:34.236"
"1686","5747","1006","33","2021-04-16 05:10:34.236"
"1687","5764","1006","43","2021-04-16 05:10:34.236"
"1688","5744","1005","38","2021-04-16 05:10:34.236"
"1689","5722","1004","72","2021-04-16 05:10:34.236"
"1690","5736","1004","129","2021-04-16 05:10:34.236"
"1691","5736","1004","343","2021-04-16 05:10:54.534"
"1692","5769","1008","21","2021-04-16 05:11:04.728"
"1693","5777","1013","34","2021-04-16 05:11:18.711"
"1694","5785","1012","23","2021-04-16 05:11:23.176"
"1695","5783","1007","34","2021-04-16 05:11:24.490"
"1696","5793","1006","97","2021-04-16 05:11:24.490"
"1697","5813","1016","27","2021-04-16 05:11:30.343"
"1698","5807","1017","21","2021-04-16 05:11:30.343"
"1699","5801","1018","15","2021-04-16 05:11:30.343"
"1700","5801","1018","13","2021-04-16 05:11:30.492"
"1701","5810","1018","20","2021-04-16 05:11:30.492"
"1702","5803","1019","56","2021-04-16 05:11:30.492"
"1703","5820","1012","67","2021-04-16 05:11:34.625"
"1704","5808","1011","14","2021-04-16 05:11:34.625"
"1705","5827","1012","48","2021-04-16 05:11:38.410"
"1706","5808","1011","69","2021-04-16 05:11:38.410"
"1707","5832","1011","23","2021-04-16 05:11:38.410"
"1708","5833","1011","21","2021-04-16 05:11:38.410"
"1709","5833","1011","30","2021-04-16 05:11:41.782"
"1710","5837","1010","25","2021-04-16 05:11:41.782"
"1711","5844","1018","50","2021-04-16 05:11:44.532"
"1712","5842","1019","38","2021-04-16 05:11:44.532"
"1713","5817","1020","65","2021-04-16 05:11:44.532"
"1714","5836","1021","32","2021-04-16 05:11:44.532"
"1715","5863","1022","35","2021-04-16 05:11:57.499"
"1716","5873","1023","52","2021-04-16 05:11:57.499"
"1717","5867","1017","65","2021-04-16 05:12:10.333"
"1718","5889","1018","51","2021-04-16 05:12:38.912"
"1719","5892","1018","25","2021-04-16 05:12:38.912"
"1720","5895","1018","84","2021-04-16 05:12:38.912"
"1721","5897","1018","31","2021-04-16 05:12:38.912"
"1722","5886","1020","34","2021-04-16 05:12:38.912"
"1723","5867","1017","1","2021-04-16 05:12:43.311"
"1724","5896","1017","25","2021-04-16 05:12:43.311"
"1725","5900","1016","29","2021-04-16 05:12:43.311"
"1726","5902","1018","55","2021-04-16 05:12:48.345"
"1727","5919","1007","28","2021-04-16 05:13:00.055"
"1728","5917","1006","23","2021-04-16 05:13:00.055"
"1729","5920","1006","23","2021-04-16 05:13:00.055"
"1730","5921","1006","107","2021-04-16 05:13:00.055"
"1731","5935","1014","44","2021-04-16 05:13:38.124"
"1732","5930","1013","39","2021-04-16 05:13:38.124"
"1733","5929","1012","33","2021-04-16 05:13:38.124"
"1734","5932","1012","27","2021-04-16 05:13:38.124"
"1735","5933","1012","16","2021-04-16 05:13:38.124"
"1736","5948","1007","22","2021-04-16 05:15:25.785"
"1737","5951","1006","20","2021-04-16 05:15:25.786"
"1738","5953","1006","29","2021-04-16 05:15:25.786"
"1739","5957","1006","6","2021-04-16 05:15:25.786"
"1740","5952","1013","45","2021-04-16 05:15:26.620"
"1741","5958","1014","6","2021-04-16 05:15:26.620"
"1742","5966","1013","25","2021-04-16 05:15:41.880"
"1743","5958","1014","14","2021-04-16 05:15:41.880"
"1744","5960","1014","35","2021-04-16 05:15:41.880"
"1745","5968","1014","34","2021-04-16 05:15:41.880"
"1746","5931","1015","31","2021-04-16 05:15:41.880"
"1747","5927","1016","30","2021-04-16 05:15:46.453"
"1748","5913","1017","31","2021-04-16 05:15:46.453"
"1749","5926","1018","22","2021-04-16 05:15:46.453"
"1750","5983","1008","124","2021-04-16 05:15:58.091"
"1751","5965","1007","17","2021-04-16 05:15:58.091"
"1752","5965","1007","18","2021-04-16 05:16:01.036"
"1753","5957","1006","67","2021-04-16 05:16:01.036"
"1754","5961","1006","31","2021-04-16 05:16:01.036"
"1755","5993","1017","114","2021-04-16 05:16:08.366"
"1756","5994","1018","51","2021-04-16 05:16:24.769"
"1757","6005","1013","37","2021-04-16 05:16:51.788"
"1758","6006","1012","40","2021-04-16 05:16:51.788"
"1759","6007","1012","61","2021-04-16 05:18:20.342"
"1760","6049","1012","35","2021-04-16 05:18:20.342"
"1761","6066","1012","75","2021-04-16 05:18:44.661"
"1762","6059","1013","21","2021-04-16 05:18:44.661"
"1763","6059","1013","108","2021-04-16 05:19:05.654"
"1764","6067","1013","62","2021-04-16 05:19:05.654"
"1765","6035","1014","23","2021-04-16 05:19:05.654"
"1766","6064","1014","29","2021-04-16 05:19:05.654"
"1767","6065","1014","1","2021-04-16 05:19:05.654"
"1768","6074","1013","26","2021-04-16 05:19:25.603"
"1769","6065","1014","37","2021-04-16 05:19:25.603"
"1770","6081","1013","56","2021-04-16 05:19:29.990"
"1771","6063","1009","565","2021-04-16 05:19:42.568"
"1772","6069","1009","73","2021-04-16 05:19:42.568"
"1773","6089","1008","16","2021-04-16 05:19:42.568"
"1774","6101","1009","28","2021-04-16 05:20:31.555"
"1775","6089","1008","21","2021-04-16 05:20:31.555"
"1776","6091","1008","26","2021-04-16 05:20:31.555"
"1777","6119","1005","92","2021-04-16 05:21:00.015"
"1778","6128","1002","119","2021-04-16 05:21:30.362"
"1779","6128","1002","147","2021-04-16 05:21:33.781"
"1780","6134","1006","26","2021-04-16 05:21:39.139"
"1781","6133","1007","46","2021-04-16 05:21:39.139"
"1782","6150","1006","21","2021-04-16 05:21:45.899"
"1783","6133","1007","205","2021-04-16 05:21:45.899"
"1784","6165","1004","22","2021-04-16 05:21:53.714"
"1785","6164","1005","50","2021-04-16 05:21:53.714"
"1786","6164","1005","41","2021-04-16 05:21:54.207"
"1787","6167","1005","127","2021-04-16 05:21:54.207"
"1788","6152","1006","34","2021-04-16 05:21:54.207"
"1789","6156","1006","57","2021-04-16 05:21:54.207"
"1790","6137","1007","56","2021-04-16 05:21:54.207"
"1791","6177","1003","73","2021-04-16 05:21:56.654"
"1792","6176","1004","39","2021-04-16 05:22:00.666"
"1793","6178","1004","24","2021-04-16 05:22:00.666"
"1794","6212","1001","27","2021-04-16 05:22:12.347"
"1795","6215","1001","133","2021-04-16 05:22:12.347"
"1796","6203","1000","31","2021-04-16 05:22:12.347"
"1797","6205","1000","23","2021-04-16 05:22:12.347"
"1798","6213","1000","42","2021-04-16 05:22:12.347"
"1799","6219","1001","210","2021-04-16 05:22:17.996"
"1800","6218","1000","21","2021-04-16 05:22:19.702"
"1801","6220","1000","55","2021-04-16 05:22:19.702"
"1802","6219","1001","61","2021-04-16 05:22:37.964"
"1803","6224","1000","39","2021-04-16 05:22:37.966"
"1804","6239","1000","29","2021-04-16 05:22:37.966"
"1805","6228","999","21","2021-04-16 05:22:37.966"
"1806","6229","999","32","2021-04-16 05:22:37.966"
"1807","6236","999","96","2021-04-16 05:22:37.966"
"1808","6245","1000","45","2021-04-16 05:22:44.937"
"1809","6252","1000","35","2021-04-16 05:22:44.937"
"1810","6253","1000","40","2021-04-16 05:22:44.937"
"1811","6236","999","31","2021-04-16 05:22:44.937"
"1812","6237","999","27","2021-04-16 05:22:44.937"
"1813","6248","999","34","2021-04-16 05:22:44.937"
"1814","6251","999","69","2021-04-16 05:22:44.937"
"1815","6271","998","35","2021-04-16 05:23:02.100"
"1816","6268","997","34","2021-04-16 05:23:02.100"
"1817","6273","997","8","2021-04-16 05:23:02.100"
"1818","6273","997","14","2021-04-16 05:23:17.531"
"1819","6294","996","38","2021-04-16 05:24:10.912"
"1820","6290","997","74","2021-04-16 05:24:10.912"
"1821","6295","990","43","2021-04-16 05:24:11.550"
"1822","6309","995","33","2021-04-16 05:24:25.539"
"1823","6308","996","132","2021-04-16 05:24:25.539"
"1824","6290","997","35","2021-04-16 05:24:35.316"
"1825","6299","997","85","2021-04-16 05:24:35.316"
"1826","6275","998","157","2021-04-16 05:24:35.316"
"1827","6279","998","66","2021-04-16 05:24:35.316"
"1828","6302","998","27","2021-04-16 05:24:35.316"
"1829","6306","998","133","2021-04-16 05:24:35.316"
"1830","6270","999","46","2021-04-16 05:24:35.316"
"1831","6283","999","28","2021-04-16 05:24:35.316"
"1832","6286","999","997","2021-04-16 05:24:35.316"
"1833","6289","999","22","2021-04-16 05:24:35.316"
"1834","6256","1000","126","2021-04-16 05:24:35.316"
"1835","6219","1001","108","2021-04-16 05:24:35.316"
"1836","6321","999","91","2021-04-16 05:24:57.316"
"1837","6320","1000","11","2021-04-16 05:24:57.316"
"1838","6332","994","28","2021-04-16 05:25:09.753"
"1839","6333","994","67","2021-04-16 05:25:09.753"
"1840","6334","994","56","2021-04-16 05:25:09.753"
"1841","6324","993","36","2021-04-16 05:25:09.753"
"1842","6318","992","34","2021-04-16 05:25:09.753"
"1843","6319","991","35","2021-04-16 05:25:09.753"
"1844","6322","991","38","2021-04-16 05:25:09.753"
"1845","6343","998","35","2021-04-16 05:25:19.741"
"1846","6335","999","245","2021-04-16 05:25:19.741"
"1847","6335","999","37","2021-04-16 05:25:22.521"
"1848","6320","1000","25","2021-04-16 05:25:22.521"
"1849","6338","1000","21","2021-04-16 05:25:22.521"
"1850","6339","1000","59","2021-04-16 05:25:22.521"
"1851","6340","1000","8","2021-04-16 05:25:22.521"
"1852","6357","999","50","2021-04-16 05:25:24.010"
"1853","6376","998","29","2021-04-16 05:25:33.419"
"1854","6357","999","15","2021-04-16 05:25:33.419"
"1855","6377","999","80","2021-04-16 05:25:33.419"
"1856","6381","999","67","2021-04-16 05:25:33.419"
"1857","6364","1000","78","2021-04-16 05:25:33.419"
"1858","6366","1000","21","2021-04-16 05:25:33.419"
"1859","6368","1000","693","2021-04-16 05:25:33.419"
"1860","6372","1000","134","2021-04-16 05:25:33.419"
"1861","6375","1000","165","2021-04-16 05:25:33.419"
"1862","6219","1001","381","2021-04-16 05:25:33.419"
"1863","6391","991","44","2021-04-16 05:25:45.295"
"1864","6389","990","54","2021-04-16 05:25:45.295"
"1865","6387","989","24","2021-04-16 05:25:45.295"
"1866","6219","1001","60","2021-04-16 05:25:45.297"
"1867","6219","1001","69","2021-04-16 05:26:06.549"
"1868","6370","988","63","2021-04-16 05:26:38.514"
"1869","6380","988","22","2021-04-16 05:26:38.514"
"1870","6395","987","27","2021-04-16 05:26:38.514"
"1871","6404","987","26","2021-04-16 05:26:38.514"
"1872","6405","987","37","2021-04-16 05:26:38.514"
"1873","6435","996","88","2021-04-16 05:27:18.730"
"1874","6440","996","26","2021-04-16 05:27:18.730"
"1875","6430","997","42","2021-04-16 05:27:18.730"
"1876","6457","987","43","2021-04-16 05:27:33.115"
"1877","6458","986","71","2021-04-16 05:27:33.115"
"1878","6460","986","83","2021-04-16 05:27:33.115"
"1879","6451","996","22","2021-04-16 05:27:41.547"
"1880","6445","997","32","2021-04-16 05:27:41.547"
"1881","6459","997","131","2021-04-16 05:27:41.547"
"1882","6481","987","34","2021-04-16 05:28:40.349"
"1883","6478","986","68","2021-04-16 05:28:40.349"
"1884","6478","986","89","2021-04-16 05:28:43.781"
"1885","6469","995","58","2021-04-16 05:28:45.429"
"1886","6459","997","1262","2021-04-16 05:28:45.429"
"1887","6459","997","128","2021-04-16 05:29:49.068"
"1888","6459","997","70","2021-04-16 05:29:58.838"
"1889","6514","998","89","2021-04-16 05:30:17.936"
"1890","6509","987","20","2021-04-16 05:30:43.068"
"1891","6514","998","175","2021-04-16 05:30:45.100"
"1892","6523","988","50","2021-04-16 05:31:17.674"
"1893","6522","989","63","2021-04-16 05:31:17.674"
"1894","6553","981","43","2021-04-16 05:31:45.870"
"1895","6533","982","30","2021-04-16 05:31:45.870"
"1896","6554","982","34","2021-04-16 05:31:45.870"
"1897","6558","982","34","2021-04-16 05:31:45.870"
"1898","6562","980","69","2021-04-16 05:31:57.929"
"1899","6551","979","3","2021-04-16 05:31:57.929"
"1900","6551","979","40","2021-04-16 05:32:00.870"
"1901","6552","979","58","2021-04-16 05:32:00.870"
"1902","6559","978","7","2021-04-16 05:32:00.870"
"1903","6559","978","19","2021-04-16 05:32:19.750"
"1904","6576","977","21","2021-04-16 05:32:19.750"
"1905","6561","983","44","2021-04-16 05:32:48.422"
"1906","6586","980","126","2021-04-16 05:33:00.142"
"1907","6590","981","86","2021-04-16 05:33:00.142"
"1908","6603","981","37","2021-04-16 05:33:16.973"
"1909","6601","982","62","2021-04-16 05:33:16.973"
"1910","6617","981","33","2021-04-16 05:33:36.241"
"1911","6601","982","66","2021-04-16 05:33:36.241"
"1912","6601","982","68","2021-04-16 05:33:37.037"
"1913","6601","982","355","2021-04-16 05:33:38.728"
"1914","6625","979","21","2021-04-16 05:33:44.858"
"1915","6624","978","70","2021-04-16 05:33:44.858"
"1916","6635","981","26","2021-04-16 05:33:48.342"
"1917","6601","982","115","2021-04-16 05:33:48.342"
"1918","6601","982","52","2021-04-16 05:33:49.107"
"1919","6645","985","27","2021-04-16 05:33:54.837"
"1920","6647","986","24","2021-04-16 05:33:54.837"
"1921","6653","979","41","2021-04-16 05:34:04.725"
"1922","6657","979","34","2021-04-16 05:34:04.725"
"1923","6683","982","22","2021-04-16 05:34:18.683"
"1924","6680","981","46","2021-04-16 05:34:18.683"
"1925","6681","981","19","2021-04-16 05:34:18.683"
"1926","6678","986","25","2021-04-16 05:34:28.582"
"1927","6688","986","29","2021-04-16 05:34:28.582"
"1928","6681","981","28","2021-04-16 05:34:45.101"
"1929","6686","980","74","2021-04-16 05:34:45.101"
"1930","6693","987","66","2021-04-16 05:34:47.536"
"1931","6704","980","66","2021-04-16 05:34:49.025"
"1932","6700","979","38","2021-04-16 05:35:28.001"
"1933","6703","978","45","2021-04-16 05:35:28.001"
"1934","6717","978","37","2021-04-16 05:35:28.001"
"1935","6724","979","23","2021-04-16 05:35:33.147"
"1936","6720","980","40","2021-04-16 05:35:33.147"
"1937","6730","983","92","2021-04-16 05:35:45.448"
"1938","6730","983","74","2021-04-16 05:35:54.411"
"1939","6754","980","21","2021-04-16 05:37:06.982"
"1940","6740","979","21","2021-04-16 05:37:06.982"
"1941","6748","988","27","2021-04-16 05:37:16.030"
"1942","6750","989","22","2021-04-16 05:37:16.030"
"1943","6785","981","20","2021-04-16 05:37:48.223"
"1944","6777","980","34","2021-04-16 05:37:48.223"
"1945","6778","980","12","2021-04-16 05:37:48.223"
"1946","6778","980","82","2021-04-16 05:37:52.016"
"1947","6766","979","14","2021-04-16 05:37:52.016"
"1948","6796","978","42","2021-04-16 05:37:54.533"
"1949","6764","977","24","2021-04-16 05:37:54.533"
"1950","6794","976","7","2021-04-16 05:37:54.533"
"1951","6788","987","53","2021-04-16 05:37:55.944"
"1952","6795","988","359","2021-04-16 05:37:55.944"
"1953","6803","980","26","2021-04-16 05:38:07.290"
