"OrderId","ClientOrderId","Price","Volume","DateTime"
"1","2","49","30","2021-04-11 20:56:11.148"
"2","12","41","21","2021-04-11 20:56:33.463"
"3","20","43","22","2021-04-11 20:57:07.324"
"4","18","42","22","2021-04-11 20:57:07.325"
"5","21","42","28","2021-04-11 20:57:07.325"
"6","21","42","25","2021-04-11 20:57:17.472"
"7","9","40","1","2021-04-11 20:57:17.479"
"8","42","49","24","2021-04-11 20:57:39.356"
"9","13","50","12","2021-04-11 20:57:39.357"
"10","54","49","22","2021-04-11 20:57:39.918"
"11","13","50","4","2021-04-11 20:57:39.919"
"12","64","44","24","2021-04-11 20:57:45.325"
"13","63","49","30","2021-04-11 20:57:45.432"
"14","72","48","22","2021-04-11 20:57:48.833"
"15","64","44","61","2021-04-11 20:57:49.655"
"16","69","43","22","2021-04-11 20:58:01.818"
"17","122","46","41","2021-04-11 20:59:10.526"
"18","122","46","84","2021-04-11 20:59:21.634"
"19","125","46","42","2021-04-11 20:59:21.634"
"20","127","46","22","2021-04-11 20:59:21.635"
"21","112","45","10","2021-04-11 20:59:21.635"
"22","84","47","53","2021-04-11 20:59:22.807"
"23","84","47","9","2021-04-11 20:59:31.048"
"24","86","47","25","2021-04-11 20:59:31.048"
"25","103","47","59","2021-04-11 20:59:31.049"
"26","132","46","27","2021-04-11 20:59:55.007"
"27","139","46","16","2021-04-11 20:59:55.008"
"28","152","46","26","2021-04-11 21:00:05.059"
"29","152","46","1","2021-04-11 21:00:30.911"
"30","153","46","25","2021-04-11 21:00:30.912"
"31","180","45","20","2021-04-11 21:00:42.256"
"32","180","45","4","2021-04-11 21:00:47.573"
"33","154","46","27","2021-04-11 21:00:47.573"
"34","161","46","11","2021-04-11 21:00:47.573"
"35","161","46","33","2021-04-11 21:00:50.119"
"36","189","45","40","2021-04-11 21:01:24.131"
"37","161","46","33","2021-04-11 21:01:30.377"
"38","189","45","21","2021-04-11 21:02:14.490"
"39","161","46","23","2021-04-11 21:02:14.626"
"40","194","46","27","2021-04-11 21:02:14.626"
"41","200","46","51","2021-04-11 21:02:14.627"
"42","213","46","49","2021-04-11 21:02:47.407"
"43","222","46","39","2021-04-11 21:02:48.637"
"44","223","45","29","2021-04-11 21:03:04.433"
"45","239","45","6","2021-04-11 21:03:04.433"
"46","241","45","27","2021-04-11 21:03:49.847"
"47","243","45","2","2021-04-11 21:03:49.847"
"48","259","45","22","2021-04-11 21:03:55.103"
"49","240","46","21","2021-04-11 21:04:03.795"
"50","257","46","8","2021-04-11 21:04:03.795"
"51","257","46","25","2021-04-11 21:04:04.269"
"52","270","46","17","2021-04-11 21:04:04.269"
"53","283","45","27","2021-04-11 21:04:05.905"
"54","283","45","12","2021-04-11 21:04:06.538"
"55","285","45","23","2021-04-11 21:04:06.538"
"56","285","45","7","2021-04-11 21:04:06.628"
"57","286","45","13","2021-04-11 21:04:06.629"
"58","270","46","24","2021-04-11 21:04:28.574"
"59","286","45","16","2021-04-11 21:04:30.298"
"60","295","45","33","2021-04-11 21:04:30.298"
"61","114","44","46","2021-04-11 21:04:30.299"
"62","114","44","21","2021-04-11 21:04:48.571"
"63","332","45","42","2021-04-11 21:04:52.598"
"64","332","45","29","2021-04-11 21:04:58.103"
"65","332","45","17","2021-04-11 21:05:19.020"
"66","339","45","24","2021-04-11 21:05:19.021"
"67","248","44","67","2021-04-11 21:05:36.617"
"68","357","45","21","2021-04-11 21:05:49.736"
"69","366","45","28","2021-04-11 21:05:49.737"
"70","248","44","27","2021-04-11 21:05:58.561"
"71","385","45","25","2021-04-11 21:06:03.947"
"72","270","46","284","2021-04-11 21:06:03.947"
"73","270","46","21","2021-04-11 21:06:07.479"
"74","403","45","23","2021-04-11 21:06:19.937"
"75","270","46","20","2021-04-11 21:06:27.841"
"76","422","45","47","2021-04-11 21:06:36.167"
"77","248","44","54","2021-04-11 21:06:36.168"
"78","426","45","29","2021-04-11 21:06:43.974"
"79","270","46","15","2021-04-11 21:06:43.974"
"80","270","46","30","2021-04-11 21:06:51.012"
"81","449","45","31","2021-04-11 21:07:07.290"
"82","270","46","21","2021-04-11 21:07:24.878"
"83","270","46","72","2021-04-11 21:07:34.490"
"84","270","46","56","2021-04-11 21:07:43.031"
"85","454","45","90","2021-04-11 21:07:54.962"
"86","270","46","42","2021-04-11 21:07:57.452"
"87","270","46","21","2021-04-11 21:08:03.516"
"88","270","46","36","2021-04-11 21:08:08.350"
"89","248","44","26","2021-04-11 21:08:08.505"
"90","261","44","23","2021-04-11 21:08:08.505"
"91","282","44","3","2021-04-11 21:08:08.505"
"92","491","45","20","2021-04-11 21:08:11.541"
"93","282","44","21","2021-04-11 21:08:12.467"
"94","303","44","2","2021-04-11 21:08:12.467"
"95","491","45","21","2021-04-11 21:08:16.168"
"96","491","45","58","2021-04-11 21:08:23.109"
"97","303","44","21","2021-04-11 21:08:44.269"
"98","303","44","8","2021-04-11 21:08:55.415"
"99","386","44","39","2021-04-11 21:08:55.415"
"100","534","45","23","2021-04-11 21:08:58.469"
"101","386","44","22","2021-04-11 21:08:59.427"
"102","534","45","18","2021-04-11 21:09:06.602"
"103","554","45","12","2021-04-11 21:09:06.602"
"104","386","44","29","2021-04-11 21:09:08.516"
"105","270","46","22","2021-04-11 21:09:09.329"
"106","565","45","43","2021-04-11 21:09:14.760"
"107","565","45","65","2021-04-11 21:09:17.415"
"108","595","45","25","2021-04-11 21:10:06.717"
"109","270","46","16","2021-04-11 21:10:10.568"
"110","304","46","39","2021-04-11 21:10:10.569"
"111","597","45","50","2021-04-11 21:10:21.017"
"112","599","45","47","2021-04-11 21:10:21.017"
"113","608","45","24","2021-04-11 21:10:21.017"
"114","618","45","34","2021-04-11 21:10:21.017"
"115","304","46","23","2021-04-11 21:10:28.602"
"116","304","46","46","2021-04-11 21:10:32.322"
"117","391","46","41","2021-04-11 21:10:32.323"
"118","428","46","31","2021-04-11 21:10:32.323"
"119","432","46","30","2021-04-11 21:10:32.323"
"120","437","46","25","2021-04-11 21:10:32.323"
"121","618","45","1","2021-04-11 21:11:07.609"
"122","620","45","20","2021-04-11 21:11:07.609"
"123","620","45","24","2021-04-11 21:11:15.240"
"124","621","45","32","2021-04-11 21:11:16.428"
"125","651","45","28","2021-04-11 21:11:16.429"
"126","656","45","2","2021-04-11 21:11:16.429"
"127","437","46","4","2021-04-11 21:11:23.762"
"128","452","46","30","2021-04-11 21:11:23.763"
"129","455","46","50","2021-04-11 21:11:23.763"
"130","518","46","21","2021-04-11 21:11:23.763"
"131","526","46","41","2021-04-11 21:11:23.763"
"132","546","46","10","2021-04-11 21:11:23.763"
"133","656","45","32","2021-04-11 21:11:28.489"
"134","656","45","36","2021-04-11 21:11:29.916"
"135","546","46","19","2021-04-11 21:11:32.188"
"136","578","46","52","2021-04-11 21:11:32.189"
"137","578","46","2","2021-04-11 21:11:38.570"
"138","584","46","32","2021-04-11 21:11:38.571"
"139","587","46","33","2021-04-11 21:11:38.571"
"140","669","45","22","2021-04-11 21:12:18.142"
"141","673","45","30","2021-04-11 21:12:18.143"
"142","587","46","23","2021-04-11 21:12:24.878"
"143","594","46","11","2021-04-11 21:12:24.879"
"144","673","45","17","2021-04-11 21:12:54.701"
"145","675","45","14","2021-04-11 21:12:54.701"
"146","675","45","18","2021-04-11 21:12:57.980"
"147","676","45","36","2021-04-11 21:12:57.980"
"148","594","46","9","2021-04-11 21:13:02.449"
"149","616","46","24","2021-04-11 21:13:02.449"
"150","641","46","35","2021-04-11 21:13:02.449"
"151","676","45","38","2021-04-11 21:13:14.869"
"152","678","45","22","2021-04-11 21:13:36.766"
"153","681","45","7","2021-04-11 21:13:36.766"
"154","681","45","27","2021-04-11 21:13:54.383"
"155","641","46","26","2021-04-11 21:14:27.421"
"156","681","45","30","2021-04-11 21:14:34.202"
"157","641","46","20","2021-04-11 21:14:40.186"
"158","681","45","2","2021-04-11 21:15:14.059"
"159","685","45","23","2021-04-11 21:15:14.059"
"160","685","45","19","2021-04-11 21:15:40.556"
"161","705","45","7","2021-04-11 21:15:40.557"
"162","705","45","20","2021-04-11 21:15:51.030"
"163","641","46","35","2021-04-11 21:15:51.485"
"164","641","46","17","2021-04-11 21:15:52.454"
"165","702","46","25","2021-04-11 21:15:52.454"
"166","702","46","20","2021-04-11 21:15:53.232"
"167","705","45","37","2021-04-11 21:15:58.529"
"168","705","45","21","2021-04-11 21:16:06.166"
"169","722","46","33","2021-04-11 21:16:06.235"
"170","705","45","3","2021-04-11 21:16:06.705"
"171","710","45","32","2021-04-11 21:16:06.705"
"172","715","45","27","2021-04-11 21:16:06.706"
"173","722","46","26","2021-04-11 21:16:07.410"
"174","766","46","1","2021-04-11 21:16:07.410"
"175","715","45","10","2021-04-11 21:16:09.393"
"176","747","45","15","2021-04-11 21:16:09.393"
"177","747","45","65","2021-04-11 21:16:27.631"
"178","759","45","30","2021-04-11 21:16:27.631"
"179","764","45","12","2021-04-11 21:16:27.631"
"180","764","45","42","2021-04-11 21:16:31.491"
"181","764","45","27","2021-04-11 21:16:44.053"
"182","764","45","24","2021-04-11 21:16:46.945"
"183","766","46","19","2021-04-11 21:16:48.317"
"184","775","46","30","2021-04-11 21:16:48.318"
"185","775","46","3","2021-04-11 21:16:50.273"
"186","801","46","31","2021-04-11 21:16:50.273"
"187","801","46","23","2021-04-11 21:16:50.703"
"188","801","46","23","2021-04-11 21:16:57.611"
"189","790","45","22","2021-04-11 21:17:02.855"
"190","837","46","26","2021-04-11 21:17:09.083"
"191","869","46","11","2021-04-11 21:17:09.084"
"192","869","46","22","2021-04-11 21:17:18.870"
"193","869","46","26","2021-04-11 21:17:18.871"
"194","790","45","49","2021-04-11 21:17:35.643"
"195","869","46","30","2021-04-11 21:17:39.730"
"196","869","46","36","2021-04-11 21:17:40.978"
"197","875","46","1","2021-04-11 21:17:40.979"
"198","875","46","34","2021-04-11 21:17:44.651"
"199","790","45","48","2021-04-11 21:17:46.103"
"200","877","45","20","2021-04-11 21:17:46.103"
"201","910","45","19","2021-04-11 21:17:46.103"
"202","875","46","22","2021-04-11 21:18:07.602"
"203","875","46","23","2021-04-11 21:18:44.249"
"204","910","45","122","2021-04-11 21:18:48.164"
"205","875","46","60","2021-04-11 21:18:51.224"
"206","881","46","22","2021-04-11 21:18:51.225"
"207","892","46","6","2021-04-11 21:18:51.225"
"208","892","46","22","2021-04-11 21:19:00.329"
"209","892","46","4","2021-04-11 21:19:13.092"
"210","926","46","19","2021-04-11 21:19:13.092"
"211","910","45","27","2021-04-11 21:19:13.186"
"212","910","45","35","2021-04-11 21:19:15.128"
"213","926","46","5","2021-04-11 21:19:21.459"
"214","930","46","23","2021-04-11 21:19:21.459"
"215","941","46","22","2021-04-11 21:19:56.341"
"216","941","46","14","2021-04-11 21:20:02.211"
"217","943","46","12","2021-04-11 21:20:02.212"
"218","943","46","20","2021-04-11 21:20:19.515"
"219","948","46","3","2021-04-11 21:20:19.516"
"220","966","45","34","2021-04-11 21:20:25.548"
"221","971","45","23","2021-04-11 21:21:32.304"
"222","971","45","25","2021-04-11 21:21:35.918"
"223","975","45","27","2021-04-11 21:21:52.611"
"224","948","46","22","2021-04-11 21:21:55.019"
"225","962","46","26","2021-04-11 21:21:55.019"
"226","1010","46","71","2021-04-11 21:21:55.019"
"227","1017","46","27","2021-04-11 21:21:55.019"
"228","1026","46","33","2021-04-11 21:21:55.019"
"229","1051","46","52","2021-04-11 21:21:55.019"
"230","1062","46","177","2021-04-11 21:21:55.019"
"231","1065","46","491","2021-04-11 21:21:55.019"
"232","1065","46","26","2021-04-11 21:21:58.296"
"233","1065","46","43","2021-04-11 21:22:21.196"
"234","1065","46","24","2021-04-11 21:22:32.595"
"235","975","45","29","2021-04-11 21:22:36.788"
"236","975","45","23","2021-04-11 21:22:37.243"
"237","1046","45","21","2021-04-11 21:22:37.243"
"238","1052","45","32","2021-04-11 21:22:37.243"
"239","1088","45","3","2021-04-11 21:22:37.243"
"240","1065","46","137","2021-04-11 21:22:42.262"
"241","1065","46","20","2021-04-11 21:23:24.558"
"242","1065","46","31","2021-04-11 21:23:31.657"
"243","1065","46","22","2021-04-11 21:23:40.389"
"244","1076","46","22","2021-04-11 21:23:47.813"
"245","1079","46","3","2021-04-11 21:23:47.814"
"246","1081","46","31","2021-04-11 21:24:04.483"
"247","1090","45","21","2021-04-11 21:24:07.987"
"248","1090","45","24","2021-04-11 21:24:15.849"
"249","1150","45","2","2021-04-11 21:24:15.849"
"250","1150","45","21","2021-04-11 21:24:26.126"
"251","1171","45","1","2021-04-11 21:24:26.126"
"252","1145","46","99","2021-04-11 21:24:35.176"
"253","1145","46","23","2021-04-11 21:24:36.037"
"254","583","44","21","2021-04-11 21:24:58.799"
"255","1239","45","22","2021-04-11 21:25:01.368"
"256","1241","45","1","2021-04-11 21:25:01.369"
"257","583","44","20","2021-04-11 21:25:12.991"
"258","1283","45","21","2021-04-11 21:25:18.514"
"259","583","44","20","2021-04-11 21:25:19.487"
"260","583","44","20","2021-04-11 21:25:24.894"
"261","583","44","26","2021-04-11 21:25:33.627"
"262","1283","45","48","2021-04-11 21:25:42.729"
"263","1283","45","34","2021-04-11 21:25:43.370"
"264","583","44","13","2021-04-11 21:25:52.552"
"265","586","44","9","2021-04-11 21:25:52.552"
"266","586","44","25","2021-04-11 21:25:54.084"
"267","724","44","5","2021-04-11 21:25:54.085"
"268","1289","45","88","2021-04-11 21:26:02.277"
"269","1289","45","23","2021-04-11 21:26:22.697"
"270","1289","45","225","2021-04-11 21:26:27.632"
"271","724","44","18","2021-04-11 21:26:37.441"
"272","753","44","3","2021-04-11 21:26:37.441"
"273","1295","45","26","2021-04-11 21:26:49.044"
"274","753","44","21","2021-04-11 21:27:37.852"
"275","754","44","34","2021-04-11 21:27:37.853"
"276","822","44","37","2021-04-11 21:27:37.853"
"277","826","44","30","2021-04-11 21:27:37.853"
"278","1310","45","29","2021-04-11 21:27:46.199"
"279","1310","45","41","2021-04-11 21:28:09.546"
"280","1310","45","57","2021-04-11 21:28:09.611"
"281","1310","45","8","2021-04-11 21:28:18.889"
"282","1324","45","37","2021-04-11 21:28:18.889"
"283","1326","45","4","2021-04-11 21:28:18.890"
"284","826","44","11","2021-04-11 21:28:46.043"
"285","988","44","18","2021-04-11 21:28:46.043"
"286","1326","45","24","2021-04-11 21:29:03.191"
"287","988","44","20","2021-04-11 21:29:05.479"
"288","1326","45","13","2021-04-11 21:29:41.883"
"289","1394","45","51","2021-04-11 21:29:41.884"
"290","988","44","1","2021-04-11 21:29:44.949"
"291","996","44","23","2021-04-11 21:29:44.949"
"292","1394","45","6","2021-04-11 21:29:45.711"
"293","1421","45","27","2021-04-11 21:29:45.711"
"294","1430","45","38","2021-04-11 21:29:45.711"
"295","996","44","30","2021-04-11 21:29:52.342"
"296","996","44","15","2021-04-11 21:30:23.048"
"297","1000","44","35","2021-04-11 21:30:23.048"
"298","1012","44","3","2021-04-11 21:30:23.048"
"299","1012","44","23","2021-04-11 21:30:29.285"
"300","1012","44","21","2021-04-11 21:30:35.106"
"301","1056","44","7","2021-04-11 21:30:35.106"
"302","1433","45","32","2021-04-11 21:30:45.160"
"303","1056","44","35","2021-04-11 21:30:48.974"
"304","1433","45","70","2021-04-11 21:31:15.297"
"305","1056","44","34","2021-04-11 21:32:04.496"
"306","1433","45","47","2021-04-11 21:32:05.511"
"307","1056","44","185","2021-04-11 21:32:54.204"
"308","1433","45","17","2021-04-11 21:33:17.693"
"309","1466","45","24","2021-04-11 21:33:17.694"
"310","1470","45","1","2021-04-11 21:33:17.694"
"311","1470","45","36","2021-04-11 21:33:22.948"
"312","1488","45","46","2021-04-11 21:33:22.954"
"313","1515","45","13","2021-04-11 21:33:22.954"
"314","1515","45","49","2021-04-11 21:33:25.908"
"315","1515","45","82","2021-04-11 21:33:34.468"
"316","1056","44","42","2021-04-11 21:33:43.178"
"317","1056","44","114","2021-04-11 21:33:43.671"
"318","1098","44","50","2021-04-11 21:33:43.671"
"319","1110","44","37","2021-04-11 21:33:43.671"
"320","1110","44","1","2021-04-11 21:33:43.935"
"321","1136","44","27","2021-04-11 21:33:43.936"
"322","1515","45","31","2021-04-11 21:33:44.765"
"323","1515","45","25","2021-04-11 21:33:45.702"
"324","1517","45","23","2021-04-11 21:33:45.702"
"325","1136","44","42","2021-04-11 21:33:51.261"
"326","1517","45","1","2021-04-11 21:34:15.531"
"327","1518","45","27","2021-04-11 21:34:15.532"
"328","1518","45","6","2021-04-11 21:34:20.287"
"329","1599","45","20","2021-04-11 21:34:20.288"
"330","1145","46","8","2021-04-11 21:34:20.288"
"331","1620","45","39","2021-04-11 21:34:25.859"
"332","1145","46","22","2021-04-11 21:34:27.800"
"333","1145","46","31","2021-04-11 21:34:34.922"
"334","1620","45","3","2021-04-11 21:34:37.798"
"335","1625","45","29","2021-04-11 21:34:37.798"
"336","1625","45","21","2021-04-11 21:34:54.273"
"337","1633","45","198","2021-04-11 21:34:54.279"
"338","1633","45","23","2021-04-11 21:35:01.535"
"339","1633","45","46","2021-04-11 21:35:06.673"
"340","1145","46","51","2021-04-11 21:35:09.897"
"341","1633","45","2","2021-04-11 21:35:12.915"
"342","1639","45","32","2021-04-11 21:35:12.915"
"343","1639","45","2","2021-04-11 21:35:13.025"
"344","1650","45","36","2021-04-11 21:35:13.025"
"345","1652","45","1","2021-04-11 21:35:13.025"
"346","1652","45","45","2021-04-11 21:35:13.588"
"347","1145","46","22","2021-04-11 21:35:13.858"
"348","1652","45","51","2021-04-11 21:35:26.102"
"349","1657","45","1","2021-04-11 21:35:26.102"
"350","1657","45","37","2021-04-11 21:35:29.323"
"351","1657","45","1","2021-04-11 21:35:29.731"
"352","1663","45","35","2021-04-11 21:35:29.731"
"353","1663","45","6","2021-04-11 21:35:46.118"
"354","1667","45","54","2021-04-11 21:35:46.118"
"355","1679","45","14","2021-04-11 21:35:46.119"
"356","1145","46","60","2021-04-11 21:35:54.318"
"357","1145","46","50","2021-04-11 21:36:01.808"
"358","1679","45","42","2021-04-11 21:36:11.544"
"359","1679","45","12","2021-04-11 21:36:31.637"
"360","1682","45","14","2021-04-11 21:36:31.637"
"361","1145","46","22","2021-04-11 21:36:37.771"
"362","1145","46","20","2021-04-11 21:36:38.764"
"363","1682","45","28","2021-04-11 21:36:42.280"
"364","1687","45","25","2021-04-11 21:36:42.280"
"365","1688","45","9","2021-04-11 21:36:42.280"
"366","1688","45","27","2021-04-11 21:37:00.209"
"367","1688","45","14","2021-04-11 21:37:27.385"
"368","1691","45","27","2021-04-11 21:37:27.385"
"369","1697","45","44","2021-04-11 21:37:27.385"
"370","1697","45","2","2021-04-11 21:37:27.405"
"371","1702","45","51","2021-04-11 21:37:27.405"
"372","1707","45","54","2021-04-11 21:37:27.405"
"373","1708","45","13","2021-04-11 21:37:27.405"
"374","1708","45","62","2021-04-11 21:37:29.739"
"375","1726","45","25","2021-04-11 21:38:42.815"
"376","1733","45","56","2021-04-11 21:38:49.248"
"377","1737","45","5","2021-04-11 21:38:49.254"
"378","1145","46","132","2021-04-11 21:38:55.461"
"379","1145","46","28","2021-04-11 21:39:11.405"
"380","1737","45","19","2021-04-11 21:40:30.961"
"381","1741","45","17","2021-04-11 21:40:30.962"
"382","1145","46","39","2021-04-11 21:40:34.459"
"383","1145","46","21","2021-04-11 21:40:36.677"
"384","1741","45","31","2021-04-11 21:40:41.861"
"385","1145","46","22","2021-04-11 21:40:43.217"
"386","1741","45","15","2021-04-11 21:40:58.008"
"387","1752","45","10","2021-04-11 21:40:58.009"
"388","1752","45","79","2021-04-11 21:40:59.195"
"389","1752","45","36","2021-04-11 21:41:11.641"
"390","1757","45","5","2021-04-11 21:41:11.641"
"391","1145","46","22","2021-04-11 21:41:24.403"
"392","1145","46","145","2021-04-11 21:42:11.282"
"393","1145","46","26","2021-04-11 21:42:14.511"
"394","1145","46","28","2021-04-11 21:42:20.456"
"395","1757","45","16","2021-04-11 21:42:57.326"
"396","1807","45","6","2021-04-11 21:42:57.326"
"397","1807","45","45","2021-04-11 21:42:59.228"
"398","1214","46","102","2021-04-11 21:43:13.179"
"399","1807","45","21","2021-04-11 21:44:43.054"
"400","1214","46","36","2021-04-11 21:45:14.107"
"401","1807","45","52","2021-04-11 21:45:15.032"
"402","1214","46","56","2021-04-11 21:45:28.117"
"403","1807","45","87","2021-04-11 21:45:32.585"
"404","1807","45","27","2021-04-11 21:45:33.698"
"405","1214","46","21","2021-04-11 21:45:44.669"
"406","1214","46","20","2021-04-11 21:45:45.154"
"407","1214","46","23","2021-04-11 21:45:45.530"
"408","1807","45","2","2021-04-11 21:45:49.068"
"409","1814","45","23","2021-04-11 21:45:49.068"
"410","1814","45","21","2021-04-11 21:45:51.618"
"411","1214","46","36","2021-04-11 21:46:01.361"
"412","1814","45","41","2021-04-11 21:46:02.374"
"413","1820","45","33","2021-04-11 21:46:02.374"
"414","1214","46","43","2021-04-11 21:46:02.968"
"415","1820","45","33","2021-04-11 21:46:07.574"
"416","1820","45","19","2021-04-11 21:46:11.370"
"417","1824","45","2","2021-04-11 21:46:11.370"
"418","1824","45","23","2021-04-11 21:46:29.349"
"419","1824","45","5","2021-04-11 21:46:30.399"
"420","1826","45","18","2021-04-11 21:46:30.405"
"421","1826","45","13","2021-04-11 21:46:32.094"
"422","1840","45","23","2021-04-11 21:46:32.094"
"423","1847","45","18","2021-04-11 21:46:32.094"
"424","1214","46","29","2021-04-11 21:46:32.147"
"425","1847","45","7","2021-04-11 21:46:41.930"
"426","1849","45","23","2021-04-11 21:46:41.931"
"427","1849","45","1","2021-04-11 21:46:57.068"
"428","1866","45","22","2021-04-11 21:46:57.069"
"429","1866","45","12","2021-04-11 21:47:03.922"
"430","1870","45","23","2021-04-11 21:47:03.927"
"431","1872","45","15","2021-04-11 21:47:03.928"
"432","1872","45","21","2021-04-11 21:47:04.091"
"433","1872","45","21","2021-04-11 21:47:06.221"
"434","1875","45","69","2021-04-11 21:47:06.221"
"435","1875","45","20","2021-04-11 21:47:06.999"
"436","1875","45","265","2021-04-11 21:47:08.887"
"437","1875","45","53","2021-04-11 21:47:11.765"
"438","1214","46","30","2021-04-11 21:47:24.619"
"439","1875","45","3","2021-04-11 21:47:28.722"
"440","1883","45","19","2021-04-11 21:47:28.728"
"441","1214","46","8","2021-04-11 21:48:16.018"
"442","1235","46","23","2021-04-11 21:48:16.024"
"443","1235","46","22","2021-04-11 21:48:28.136"
"444","1235","46","6","2021-04-11 21:48:28.351"
"445","1280","46","16","2021-04-11 21:48:28.352"
"446","1280","46","15","2021-04-11 21:49:07.954"
"447","1339","46","6","2021-04-11 21:49:07.954"
"448","1339","46","37","2021-04-11 21:49:20.039"
"449","1339","46","43","2021-04-11 21:49:22.366"
"450","1883","45","4","2021-04-11 21:49:26.085"
"451","1907","45","21","2021-04-11 21:49:26.085"
"452","1923","45","6","2021-04-11 21:49:26.085"
"453","1339","46","24","2021-04-11 21:49:38.589"
"454","1923","45","24","2021-04-11 21:49:38.802"
"455","1936","45","1","2021-04-11 21:49:38.802"
"456","1936","45","24","2021-04-11 21:49:41.574"
"457","1936","45","8","2021-04-11 21:49:43.716"
"458","1942","45","26","2021-04-11 21:49:43.721"
"459","1942","45","24","2021-04-11 21:50:09.554"
"460","1339","46","20","2021-04-11 21:50:18.123"
"461","1942","45","22","2021-04-11 21:50:19.503"
"462","1339","46","20","2021-04-11 21:50:39.098"
"463","1383","46","5","2021-04-11 21:50:39.098"
"464","1383","46","24","2021-04-11 21:50:48.541"
"465","1386","46","32","2021-04-11 21:50:48.547"
"466","1942","45","23","2021-04-11 21:50:50.860"
"467","1386","46","8","2021-04-11 21:50:53.032"
"468","1432","46","22","2021-04-11 21:50:53.032"
"469","1439","46","4","2021-04-11 21:50:53.032"
"470","1439","46","78","2021-04-11 21:50:54.882"
"471","1463","46","27","2021-04-11 21:50:54.883"
"472","1482","46","48","2021-04-11 21:50:54.883"
"473","1489","46","41","2021-04-11 21:50:54.883"
"474","1503","46","28","2021-04-11 21:50:54.883"
"475","1537","46","24","2021-04-11 21:50:54.883"
"476","1568","46","32","2021-04-11 21:50:54.883"
"477","1573","46","26","2021-04-11 21:50:54.883"
"478","1573","46","36","2021-04-11 21:51:00.024"
"479","1573","46","36","2021-04-11 21:51:14.317"
"480","1573","46","22","2021-04-11 21:51:29.191"
"481","1942","45","18","2021-04-11 21:51:29.358"
"482","1954","45","38","2021-04-11 21:51:29.358"
"483","1961","45","21","2021-04-11 21:51:29.358"
"484","1573","46","26","2021-04-11 21:51:37.404"
"485","1573","46","38","2021-04-11 21:51:47.715"
"486","1573","46","31","2021-04-11 21:51:47.800"
"487","1573","46","32","2021-04-11 21:51:48.298"
"488","1961","45","6","2021-04-11 21:51:52.998"
"489","1962","45","32","2021-04-11 21:51:52.998"
"490","1968","45","24","2021-04-11 21:51:52.998"
"491","1973","45","40","2021-04-11 21:51:52.998"
"492","1980","45","56","2021-04-11 21:51:52.999"
"493","1990","45","58","2021-04-11 21:51:52.999"
"494","1992","45","35","2021-04-11 21:51:52.999"
"495","1995","45","27","2021-04-11 21:51:52.999"
"496","2003","45","1","2021-04-11 21:51:52.999"
"497","1573","46","7","2021-04-11 21:51:54.517"
"498","1617","46","24","2021-04-11 21:51:54.517"
"499","2003","45","25","2021-04-11 21:51:56.600"
"500","1617","46","26","2021-04-11 21:51:57.739"
"501","1617","46","32","2021-04-11 21:52:12.325"
"502","1648","46","44","2021-04-11 21:52:12.330"
"503","1648","46","32","2021-04-11 21:52:21.636"
"504","1719","46","18","2021-04-11 21:52:21.636"
"505","2003","45","22","2021-04-11 21:52:23.149"
"506","2006","45","9","2021-04-11 21:52:23.150"
"507","1719","46","5","2021-04-11 21:52:32.674"
"508","1771","46","54","2021-04-11 21:52:32.674"
"509","1772","46","36","2021-04-11 21:52:32.674"
"510","1778","46","121","2021-04-11 21:52:32.675"
"511","1795","46","76","2021-04-11 21:52:32.675"
"512","1795","46","26","2021-04-11 21:52:33.042"
"513","1800","46","12","2021-04-11 21:52:33.043"
"514","2006","45","40","2021-04-11 21:53:00.706"
"515","2021","45","2","2021-04-11 21:53:00.706"
"516","1800","46","34","2021-04-11 21:53:10.589"
"517","1800","46","8","2021-04-11 21:53:16.767"
"518","1828","46","18","2021-04-11 21:53:16.767"
"519","1828","46","4","2021-04-11 21:53:16.771"
"520","1838","46","17","2021-04-11 21:53:16.771"
"521","2021","45","31","2021-04-11 21:53:25.084"
"522","1838","46","56","2021-04-11 21:53:25.739"
"523","1845","46","47","2021-04-11 21:53:25.744"
"524","1845","46","144","2021-04-11 21:53:35.385"
"525","1858","46","21","2021-04-11 21:53:35.385"
"526","1858","46","22","2021-04-11 21:53:44.421"
"527","1858","46","6","2021-04-11 21:53:48.164"
"528","1862","46","23","2021-04-11 21:53:48.164"
"529","1862","46","28","2021-04-11 21:53:49.294"
"530","1901","46","57","2021-04-11 21:53:49.294"
"531","1901","46","28","2021-04-11 21:53:50.963"
"532","2021","45","25","2021-04-11 21:53:51.349"
"533","1901","46","28","2021-04-11 21:53:52.137"
"534","2021","45","20","2021-04-11 21:53:56.986"
"535","1901","46","39","2021-04-11 21:53:59.358"
"536","2021","45","45","2021-04-11 21:54:08.153"
"537","2021","45","47","2021-04-11 21:54:12.402"
"538","1901","46","35","2021-04-11 21:54:13.902"
"539","2021","45","79","2021-04-11 21:54:14.316"
"540","2021","45","23","2021-04-11 21:54:14.727"
"541","1901","46","22","2021-04-11 21:54:23.915"
"542","1901","46","27","2021-04-11 21:54:30.706"
"543","2021","45","49","2021-04-11 21:54:44.583"
"544","2021","45","49","2021-04-11 21:54:45.010"
"545","2021","45","22","2021-04-11 21:54:52.295"
"546","1901","46","24","2021-04-11 21:54:56.607"
"547","1901","46","32","2021-04-11 21:54:58.313"
"548","1933","46","7","2021-04-11 21:54:58.318"
"549","1933","46","21","2021-04-11 21:55:19.574"
"550","1933","46","27","2021-04-11 21:55:21.111"
"551","2021","45","21","2021-04-11 21:55:21.565"
"552","1933","46","16","2021-04-11 21:55:27.118"
"553","1940","46","5","2021-04-11 21:55:27.118"
"554","1940","46","20","2021-04-11 21:55:36.390"
"555","1940","46","18","2021-04-11 21:55:37.405"
"556","1948","46","18","2021-04-11 21:55:37.411"
"557","1948","46","4","2021-04-11 21:55:43.758"
"558","1977","46","19","2021-04-11 21:55:43.758"
"559","2021","45","121","2021-04-11 21:55:47.060"
"560","1977","46","28","2021-04-11 21:55:47.639"
"561","1982","46","1","2021-04-11 21:55:47.639"
"562","2021","45","177","2021-04-11 21:56:02.190"
"563","2021","45","37","2021-04-11 21:56:52.670"
"564","2021","45","33","2021-04-11 21:57:26.518"
"565","2021","45","100","2021-04-11 21:57:30.697"
"566","2021","45","58","2021-04-11 21:57:50.919"
"567","1982","46","32","2021-04-11 21:57:54.861"
"568","1985","46","2","2021-04-11 21:57:54.861"
"569","1985","46","37","2021-04-11 21:57:55.378"
"570","1985","46","30","2021-04-11 21:57:55.481"
"571","1985","46","21","2021-04-11 21:58:16.278"
"572","2021","45","35","2021-04-11 21:58:20.150"
"573","1985","46","9","2021-04-11 21:58:27.023"
"574","1987","46","17","2021-04-11 21:58:27.030"
"575","2021","45","26","2021-04-11 21:58:31.319"
"576","2021","45","115","2021-04-11 21:58:57.028"
"577","1987","46","6","2021-04-11 21:59:10.932"
"578","2002","46","19","2021-04-11 21:59:10.938"
"579","2002","46","38","2021-04-11 21:59:28.516"
"580","2002","46","18","2021-04-11 21:59:43.347"
"581","2008","46","4","2021-04-11 21:59:43.347"
"582","2021","45","35","2021-04-11 21:59:53.622"
"583","2008","46","18","2021-04-11 22:00:02.770"
"584","2023","46","42","2021-04-11 22:00:02.770"
"585","2065","46","24","2021-04-11 22:00:02.770"
"586","2081","46","33","2021-04-11 22:00:02.770"
"587","2106","46","27","2021-04-11 22:00:02.770"
"588","2021","45","25","2021-04-11 22:00:20.623"
"589","2106","46","181","2021-04-11 22:00:23.381"
"590","2106","46","33","2021-04-11 22:00:23.678"
"591","2106","46","25","2021-04-11 22:00:26.512"
"592","2106","46","54","2021-04-11 22:00:27.597"
"593","2106","46","79","2021-04-11 22:00:29.849"
"594","2021","45","26","2021-04-11 22:00:30.493"
"595","2106","46","42","2021-04-11 22:00:32.391"
"596","2106","46","17","2021-04-11 22:00:40.226"
"597","2124","46","24","2021-04-11 22:00:40.232"
"598","2135","46","65","2021-04-11 22:00:40.258"
"599","2135","46","21","2021-04-11 22:00:40.745"
"600","2021","45","75","2021-04-11 22:00:41.997"
"601","2021","45","39","2021-04-11 22:00:42.548"
"602","2135","46","68","2021-04-11 22:00:44.721"
"603","2144","46","22","2021-04-11 22:00:44.728"
"604","2190","46","21","2021-04-11 22:00:44.728"
"605","2197","46","73","2021-04-11 22:00:44.729"
"606","2229","46","71","2021-04-11 22:00:44.729"
"607","2021","45","20","2021-04-11 22:00:45.779"
"608","2021","45","367","2021-04-11 22:00:50.536"
"609","2021","45","24","2021-04-11 22:00:53.362"
"610","2021","45","77","2021-04-11 22:00:56.026"
"611","2021","45","36","2021-04-11 22:01:00.605"
"612","2021","45","1007","2021-04-11 22:01:23.829"
"613","2045","45","20","2021-04-11 22:01:23.829"
"614","2059","45","42","2021-04-11 22:01:23.829"
"615","2064","45","22","2021-04-11 22:01:23.830"
"616","2064","45","156","2021-04-11 22:01:41.650"
"617","2064","45","31","2021-04-11 22:01:56.011"
"618","2229","46","20","2021-04-11 22:02:09.445"
"619","2064","45","92","2021-04-11 22:02:29.937"
"620","2064","45","21","2021-04-11 22:02:31.252"
"621","2229","46","8","2021-04-11 22:02:32.935"
"622","2235","46","21","2021-04-11 22:02:32.935"
"623","2244","46","17","2021-04-11 22:02:32.935"
"624","2064","45","29","2021-04-11 22:02:39.823"
"625","2064","45","38","2021-04-11 22:02:43.286"
"626","2064","45","23","2021-04-11 22:02:51.325"
"627","2244","46","6","2021-04-11 22:02:53.469"
"628","2247","46","70","2021-04-11 22:02:53.469"
"629","2064","45","41","2021-04-11 22:02:57.690"
"630","2064","45","21","2021-04-11 22:02:59.208"
"631","2064","45","48","2021-04-11 22:03:05.311"
"632","2247","46","49","2021-04-11 22:03:17.769"
"633","2064","45","75","2021-04-11 22:03:37.630"
"634","2064","45","26","2021-04-11 22:03:57.123"
"635","2247","46","31","2021-04-11 22:04:12.473"
"636","2247","46","21","2021-04-11 22:04:20.960"
"637","2064","45","59","2021-04-11 22:04:22.131"
"638","2247","46","23","2021-04-11 22:04:31.763"
"639","2247","46","30","2021-04-11 22:04:41.562"
"640","2247","46","48","2021-04-11 22:04:42.839"
"641","2247","46","44","2021-04-11 22:04:46.473"
"642","2064","45","21","2021-04-11 22:04:49.401"
"643","2064","45","22","2021-04-11 22:04:56.261"
"644","2064","45","33","2021-04-11 22:05:00.728"
"645","2064","45","35","2021-04-11 22:05:06.228"
"646","2064","45","38","2021-04-11 22:05:26.079"
"647","2247","46","113","2021-04-11 22:05:30.709"
"648","2247","46","33","2021-04-11 22:05:31.616"
"649","2064","45","63","2021-04-11 22:05:41.196"
"650","2247","46","30","2021-04-11 22:05:45.151"
"651","2254","46","2","2021-04-11 22:05:45.151"
"652","2254","46","24","2021-04-11 22:05:50.904"
"653","2254","46","32","2021-04-11 22:05:51.242"
"654","2265","46","16","2021-04-11 22:05:51.243"
"655","2265","46","107","2021-04-11 22:06:16.836"
"656","2290","46","27","2021-04-11 22:06:16.836"
"657","2064","45","33","2021-04-11 22:06:21.327"
"658","2290","46","14","2021-04-11 22:06:24.813"
"659","2299","46","30","2021-04-11 22:06:24.819"
"660","2299","46","16","2021-04-11 22:06:29.748"
"661","2318","46","18","2021-04-11 22:06:29.748"
"662","2318","46","28","2021-04-11 22:06:49.562"
"663","2064","45","24","2021-04-11 22:06:59.364"
"664","2318","46","10","2021-04-11 22:07:01.257"
"665","2347","46","25","2021-04-11 22:07:01.257"
"666","2350","46","29","2021-04-11 22:07:01.257"
"667","2350","46","1","2021-04-11 22:07:05.766"
"668","2359","46","22","2021-04-11 22:07:05.772"
"669","2064","45","65","2021-04-11 22:07:11.221"
"670","2359","46","28","2021-04-11 22:07:44.012"
"671","2100","45","28","2021-04-11 22:07:45.770"
"672","2100","45","25","2021-04-11 22:07:52.583"
"673","2359","46","35","2021-04-11 22:07:53.874"
"674","2100","45","14","2021-04-11 22:07:58.132"
"675","2123","45","10","2021-04-11 22:07:58.133"
"676","2123","45","20","2021-04-11 22:08:31.387"
"677","2123","45","19","2021-04-11 22:08:34.960"
"678","2125","45","12","2021-04-11 22:08:34.960"
"679","2359","46","21","2021-04-11 22:08:37.457"
"680","2359","46","24","2021-04-11 22:08:37.991"
"681","2359","46","21","2021-04-11 22:08:39.574"
"682","2359","46","34","2021-04-11 22:08:42.265"
"683","2359","46","31","2021-04-11 22:08:45.979"
"684","2125","45","12","2021-04-11 22:08:56.171"
"685","2152","45","26","2021-04-11 22:08:56.171"
"686","2152","45","22","2021-04-11 22:08:56.761"
"687","2152","45","3","2021-04-11 22:08:57.092"
"688","2200","45","20","2021-04-11 22:08:57.092"
"689","2359","46","70","2021-04-11 22:09:18.083"
"690","2200","45","21","2021-04-11 22:09:22.403"
"691","2201","45","21","2021-04-11 22:09:43.538"
"692","2211","45","24","2021-04-11 22:09:43.544"
"693","2223","45","4","2021-04-11 22:09:43.544"
"694","2223","45","35","2021-04-11 22:10:01.434"
"695","2359","46","35","2021-04-11 22:10:12.914"
"696","2223","45","25","2021-04-11 22:10:31.101"
"697","2234","45","22","2021-04-11 22:10:31.102"
"698","2359","46","49","2021-04-11 22:10:36.103"
"699","2359","46","27","2021-04-11 22:10:41.657"
"700","2234","45","1","2021-04-11 22:10:57.981"
"701","2236","45","34","2021-04-11 22:10:57.986"
"702","2248","45","22","2021-04-11 22:10:57.986"
"703","2251","45","13","2021-04-11 22:10:57.986"
"704","2359","46","44","2021-04-11 22:11:03.507"
"705","2251","45","21","2021-04-11 22:11:13.850"
"706","2258","45","25","2021-04-11 22:11:13.855"
"707","2359","46","27","2021-04-11 22:11:33.979"
"708","2359","46","24","2021-04-11 22:12:43.398"
"709","2258","45","17","2021-04-11 22:12:49.435"
"710","2262","45","25","2021-04-11 22:12:49.441"
"711","2262","45","23","2021-04-11 22:12:51.010"
"712","2280","45","28","2021-04-11 22:12:51.010"
"713","2293","45","19","2021-04-11 22:12:51.010"
"714","2293","45","21","2021-04-11 22:13:01.483"
"715","2293","45","21","2021-04-11 22:13:24.493"
"716","2359","46","55","2021-04-11 22:13:43.141"
"717","2359","46","51","2021-04-11 22:13:50.872"
"718","2293","45","89","2021-04-11 22:14:00.824"
"719","2359","46","24","2021-04-11 22:14:34.846"
"720","2293","45","28","2021-04-11 22:14:42.997"
"721","2359","46","32","2021-04-11 22:15:28.902"
"722","2298","45","21","2021-04-11 22:15:43.622"
"723","2359","46","31","2021-04-11 22:15:47.819"
"724","2359","46","23","2021-04-11 22:15:52.820"
"725","2359","46","47","2021-04-11 22:16:14.525"
"726","2359","46","29","2021-04-11 22:16:16.699"
"727","2359","46","30","2021-04-11 22:16:19.418"
"728","2359","46","32","2021-04-11 22:16:43.967"
"729","2298","45","15","2021-04-11 22:17:06.438"
"730","2300","45","36","2021-04-11 22:17:06.443"
"731","2300","45","123","2021-04-11 22:17:10.449"
"732","2359","46","21","2021-04-11 22:17:11.566"
"733","2359","46","43","2021-04-11 22:17:15.744"
"734","2300","45","34","2021-04-11 22:17:20.392"
"735","2300","45","2","2021-04-11 22:17:29.475"
"736","2312","45","20","2021-04-11 22:17:29.476"
"737","2312","45","84","2021-04-11 22:17:30.274"
"738","2359","46","21","2021-04-11 22:17:38.069"
"739","2312","45","24","2021-04-11 22:17:39.779"
"740","2359","46","48","2021-04-11 22:17:49.630"
"741","2312","45","20","2021-04-11 22:17:49.820"
"742","2359","46","28","2021-04-11 22:17:53.571"
"743","2359","46","20","2021-04-11 22:17:53.573"
"744","2312","45","22","2021-04-11 22:18:39.720"
"745","2313","45","44","2021-04-11 22:18:39.721"
"746","2333","45","22","2021-04-11 22:18:39.721"
"747","2357","45","21","2021-04-11 22:18:39.721"
"748","2363","45","21","2021-04-11 22:18:39.721"
"749","2374","45","6","2021-04-11 22:18:39.721"
"750","2374","45","24","2021-04-11 22:18:42.605"
"751","2374","45","24","2021-04-11 22:19:18.860"
"752","2409","45","1","2021-04-11 22:19:18.866"
"753","2359","46","23","2021-04-11 22:19:40.636"
"754","2359","46","230","2021-04-11 22:19:42.371"
"755","2359","46","46","2021-04-11 22:19:43.233"
"756","2409","45","41","2021-04-11 22:19:43.566"
"757","2409","45","32","2021-04-11 22:19:45.673"
"758","2413","45","23","2021-04-11 22:19:45.679"
"759","2421","45","36","2021-04-11 22:19:45.679"
"760","2448","45","1","2021-04-11 22:19:45.679"
"761","2359","46","42","2021-04-11 22:19:45.756"
"762","2359","46","182","2021-04-11 22:19:57.255"
"763","2359","46","54","2021-04-11 22:20:00.589"
"764","2448","45","45","2021-04-11 22:20:02.018"
"765","2448","45","15","2021-04-11 22:20:41.674"
"766","2464","45","44","2021-04-11 22:20:41.674"
"767","2468","45","21","2021-04-11 22:20:41.674"
"768","2478","45","45","2021-04-11 22:20:41.675"
"769","2487","45","7","2021-04-11 22:20:41.675"
"770","2487","45","16","2021-04-11 22:20:54.167"
"771","2494","45","22","2021-04-11 22:20:54.167"
"772","2494","45","23","2021-04-11 22:21:02.106"
"773","2359","46","102","2021-04-11 22:21:18.264"
"774","2359","46","21","2021-04-11 22:21:26.609"
"775","2494","45","22","2021-04-11 22:21:27.158"
"776","2359","46","39","2021-04-11 22:21:28.157"
"777","2359","46","56","2021-04-11 22:21:31.045"
"778","2359","46","39","2021-04-11 22:21:35.490"
"779","2359","46","36","2021-04-11 22:21:36.037"
"780","2359","46","25","2021-04-11 22:21:42.102"
"781","2494","45","47","2021-04-11 22:21:46.320"
"782","2494","45","61","2021-04-11 22:21:58.111"
"783","2494","45","49","2021-04-11 22:22:03.274"
"784","2494","45","21","2021-04-11 22:22:15.141"
"785","2359","46","22","2021-04-11 22:22:19.148"
"786","2494","45","13","2021-04-11 22:22:38.890"
"787","2506","45","156","2021-04-11 22:22:38.891"
"788","2517","45","22","2021-04-11 22:22:38.891"
"789","2520","45","44","2021-04-11 22:22:38.891"
"790","2359","46","22","2021-04-11 22:22:43.012"
"791","2359","46","53","2021-04-11 22:22:47.746"
"792","2359","46","21","2021-04-11 22:22:49.387"
"793","2359","46","28","2021-04-11 22:23:10.146"
"794","2520","45","44","2021-04-11 22:24:24.440"
"795","2520","45","30","2021-04-11 22:24:26.640"
"796","2520","45","37","2021-04-11 22:24:31.624"
"797","2520","45","40","2021-04-11 22:24:32.876"
"798","2359","46","136","2021-04-11 22:24:35.403"
"799","2520","45","65","2021-04-11 22:24:58.294"
"800","2359","46","21","2021-04-11 22:25:02.094"
"801","2359","46","26","2021-04-11 22:25:16.638"
"802","2520","45","53","2021-04-11 22:25:21.457"
"803","2520","45","26","2021-04-11 22:25:36.558"
"804","2520","45","231","2021-04-11 22:26:04.629"
"805","2520","45","29","2021-04-11 22:26:13.964"
"806","2520","45","82","2021-04-11 22:26:17.349"
"807","2359","46","69","2021-04-11 22:26:19.095"
"808","2359","46","26","2021-04-11 22:26:26.068"
"809","2520","45","25","2021-04-11 22:26:29.474"
"810","2359","46","42","2021-04-11 22:26:52.219"
"811","2520","45","23","2021-04-11 22:26:52.690"
"812","2359","46","43","2021-04-11 22:27:43.873"
"813","2520","45","183","2021-04-11 22:28:41.347"
"814","2540","45","46","2021-04-11 22:28:41.347"
"815","2574","45","57","2021-04-11 22:28:41.347"
"816","2581","45","75","2021-04-11 22:28:41.347"
"817","2593","45","209","2021-04-11 22:28:41.347"
"818","2597","45","105","2021-04-11 22:28:41.347"
"819","2597","45","24","2021-04-11 22:28:50.122"
"820","2359","46","29","2021-04-11 22:30:12.618"
"821","2359","46","27","2021-04-11 22:30:12.957"
"822","2597","45","64","2021-04-11 22:30:49.343"
"823","2359","46","26","2021-04-11 22:31:12.147"
"824","2597","45","35","2021-04-11 22:31:13.261"
"825","2359","46","20","2021-04-11 22:31:15.078"
"826","2359","46","45","2021-04-11 22:31:17.987"
"827","2597","45","17","2021-04-11 22:31:33.875"
"828","2602","45","32","2021-04-11 22:31:33.876"
"829","2602","45","20","2021-04-11 22:32:02.807"
"830","2603","45","34","2021-04-11 22:32:02.812"
"831","2603","45","13","2021-04-11 22:32:29.847"
"832","2626","45","32","2021-04-11 22:32:29.847"
"833","2359","46","23","2021-04-11 22:32:30.469"
"834","2626","45","26","2021-04-11 22:32:33.288"
"835","2626","45","20","2021-04-11 22:32:45.483"
"836","2359","46","99","2021-04-11 22:33:00.919"
"837","2626","45","27","2021-04-11 22:33:04.064"
"838","2359","46","30","2021-04-11 22:33:04.070"
"839","2359","46","20","2021-04-11 22:33:09.324"
"840","2626","45","34","2021-04-11 22:33:10.376"
"841","2626","45","32","2021-04-11 22:33:14.568"
"842","2359","46","20","2021-04-11 22:33:14.574"
"843","2359","46","46","2021-04-11 22:33:14.574"
"844","2359","46","21","2021-04-11 22:33:28.195"
"845","2626","45","30","2021-04-11 22:33:28.201"
"846","2626","45","35","2021-04-11 22:33:40.467"
"847","2626","45","41","2021-04-11 22:33:40.715"
"848","2626","45","38","2021-04-11 22:33:51.139"
"849","2626","45","48","2021-04-11 22:33:54.192"
"850","2359","46","26","2021-04-11 22:34:00.753"
"851","2359","46","23","2021-04-11 22:34:04.211"
"852","2626","45","22","2021-04-11 22:34:04.217"
"853","2626","45","36","2021-04-11 22:34:04.217"
"854","2626","45","46","2021-04-11 22:34:07.674"
"855","2359","46","23","2021-04-11 22:34:07.679"
"856","2359","46","41","2021-04-11 22:34:13.443"
"857","2359","46","41","2021-04-11 22:34:14.600"
"858","2359","46","95","2021-04-11 22:34:14.606"
"859","2626","45","50","2021-04-11 22:34:20.896"
"860","2359","46","35","2021-04-11 22:34:25.431"
"861","2626","45","31","2021-04-11 22:34:32.510"
"862","2626","45","33","2021-04-11 22:34:50.733"
"863","2359","46","20","2021-04-11 22:34:51.933"
"864","2359","46","29","2021-04-11 22:34:52.400"
"865","2626","45","40","2021-04-11 22:34:59.863"
"866","2359","46","20","2021-04-11 22:35:25.045"
"867","2359","46","22","2021-04-11 22:35:55.341"
"868","2626","45","34","2021-04-11 22:35:58.699"
"869","2626","45","30","2021-04-11 22:36:43.128"
"870","2626","45","21","2021-04-11 22:36:51.487"
"871","2626","45","72","2021-04-11 22:37:04.036"
"872","2359","46","58","2021-04-11 22:37:25.667"
"873","2359","46","26","2021-04-11 22:37:25.746"
"874","2359","46","33","2021-04-11 22:37:36.456"
"875","2626","45","27","2021-04-11 22:38:24.968"
"876","2359","46","35","2021-04-11 22:38:30.536"
"877","2626","45","93","2021-04-11 22:38:46.217"
"878","2359","46","1093","2021-04-11 22:38:47.392"
"879","2626","45","27","2021-04-11 22:38:58.440"
"880","2359","46","302","2021-04-11 22:39:00.364"
"881","2626","45","37","2021-04-11 22:39:01.907"
"882","2626","45","42","2021-04-11 22:39:15.872"
"883","2359","46","26","2021-04-11 22:39:30.778"
"884","2626","45","25","2021-04-11 22:39:37.220"
"885","2626","45","140","2021-04-11 22:40:37.425"
"886","2626","45","30","2021-04-11 22:41:26.135"
"887","2359","46","21","2021-04-11 22:41:31.143"
"888","2626","45","22","2021-04-11 22:42:01.565"
"889","2626","45","43","2021-04-11 22:42:09.150"
"890","2359","46","97","2021-04-11 22:42:09.301"
"891","2359","46","45","2021-04-11 22:42:11.958"
"892","2626","45","28","2021-04-11 22:42:14.400"
"893","2359","46","41","2021-04-11 22:42:17.781"
"894","2626","45","33","2021-04-11 22:42:23.698"
"895","2626","45","22","2021-04-11 22:42:26.044"
"896","2359","46","29","2021-04-11 22:42:47.247"
"897","2359","46","22","2021-04-11 22:43:30.283"
"898","2359","46","31","2021-04-11 22:43:36.699"
"899","2626","45","30","2021-04-11 22:43:57.799"
"900","2359","46","35","2021-04-11 22:43:59.173"
"901","2359","46","36","2021-04-11 22:44:06.697"
"902","2359","46","23","2021-04-11 22:44:12.861"
"903","2626","45","330","2021-04-11 22:44:15.055"
"904","2359","46","28","2021-04-11 22:44:15.769"
"905","2359","46","28","2021-04-11 22:44:18.313"
"906","2626","45","129","2021-04-11 22:44:18.319"
"907","2626","45","25","2021-04-11 22:44:51.937"
"908","2359","46","90","2021-04-11 22:44:53.171"
"909","2626","45","32","2021-04-11 22:45:06.883"
"910","2359","46","46","2021-04-11 22:45:06.889"
"911","2359","46","29","2021-04-11 22:45:18.938"
"912","2359","46","26","2021-04-11 22:45:23.024"
"913","2359","46","24","2021-04-11 22:45:24.386"
"914","2359","46","205","2021-04-11 22:45:30.167"
"915","2626","45","24","2021-04-11 22:45:31.559"
"916","2626","45","47","2021-04-11 22:45:36.925"
"917","2359","46","31","2021-04-11 22:45:38.671"
"918","2359","46","20","2021-04-11 22:45:41.991"
"919","2359","46","36","2021-04-11 22:45:42.809"
"920","2626","45","24","2021-04-11 22:46:02.106"
"921","2626","45","35","2021-04-11 22:46:24.672"
"922","2626","45","46","2021-04-11 22:46:32.107"
"923","2626","45","34","2021-04-11 22:46:32.150"
"924","2359","46","61","2021-04-11 22:46:45.487"
"925","2359","46","24","2021-04-11 22:46:53.131"
"926","2626","45","30","2021-04-11 22:47:21.588"
"927","2626","45","93","2021-04-11 22:47:24.339"
"928","2359","46","35","2021-04-11 22:47:24.345"
"929","2359","46","44","2021-04-11 22:47:30.067"
"930","2359","46","61","2021-04-11 22:47:34.151"
"931","2626","45","25","2021-04-11 22:47:34.157"
"932","2359","46","25","2021-04-11 22:47:37.916"
"933","2359","46","20","2021-04-11 22:48:45.522"
"934","2626","45","76","2021-04-11 22:48:51.698"
"935","2626","45","27","2021-04-11 22:49:26.840"
"936","2626","45","22","2021-04-11 22:49:51.463"
"937","2359","46","26","2021-04-11 22:50:03.781"
"938","2626","45","20","2021-04-11 22:50:03.842"
"939","2359","46","89","2021-04-11 22:50:05.682"
"940","2359","46","22","2021-04-11 22:50:07.865"
"941","2359","46","28","2021-04-11 22:50:08.753"
"942","2626","45","25","2021-04-11 22:50:09.671"
"943","2626","45","21","2021-04-11 22:50:09.775"
"944","2626","45","53","2021-04-11 22:50:11.267"
"945","2633","45","51","2021-04-11 22:50:11.272"
"946","2651","45","47","2021-04-11 22:50:11.272"
"947","2651","45","2","2021-04-11 22:50:12.735"
"948","2654","45","28","2021-04-11 22:50:12.741"
"949","2657","45","19","2021-04-11 22:50:12.741"
"950","2657","45","5","2021-04-11 22:50:20.095"
"951","2659","45","21","2021-04-11 22:50:20.101"
"952","2662","45","7","2021-04-11 22:50:20.101"
"953","2662","45","23","2021-04-11 22:50:20.101"
"954","2662","45","23","2021-04-11 22:50:28.858"
"955","2662","45","33","2021-04-11 22:50:44.884"
"956","2359","46","58","2021-04-11 22:50:49.623"
"957","2359","46","34","2021-04-11 22:50:50.344"
"958","2359","46","25","2021-04-11 22:50:50.654"
"959","2359","46","23","2021-04-11 22:50:51.969"
"960","2359","46","31","2021-04-11 22:50:58.029"
"961","2662","45","41","2021-04-11 22:51:07.444"
"962","2664","45","24","2021-04-11 22:51:07.449"
"963","2667","45","21","2021-04-11 22:51:07.450"
"964","2713","45","4","2021-04-11 22:51:07.450"
"965","2359","46","81","2021-04-11 22:51:15.823"
"966","2359","46","39","2021-04-11 22:51:32.875"
"967","2359","46","23","2021-04-11 22:51:37.291"
"968","2713","45","41","2021-04-11 22:51:40.820"
"969","2359","46","96","2021-04-11 22:51:44.148"
"970","2713","45","1","2021-04-11 22:51:46.364"
"971","2718","45","19","2021-04-11 22:51:46.364"
"972","2718","45","6","2021-04-11 22:51:50.717"
"973","2722","45","22","2021-04-11 22:51:50.717"
"974","2722","45","27","2021-04-11 22:51:53.056"
"975","2359","46","34","2021-04-11 22:51:56.492"
"976","2733","45","27","2021-04-11 22:52:05.575"
"977","2733","45","27","2021-04-11 22:52:12.400"
"978","2733","45","70","2021-04-11 22:52:30.390"
"979","2359","46","21","2021-04-11 22:52:31.886"
"980","2733","45","20","2021-04-11 22:52:38.317"
"981","2359","46","21","2021-04-11 22:53:01.753"
"982","2733","45","58","2021-04-11 22:53:14.659"
"983","2359","46","74","2021-04-11 22:53:39.783"
"984","2359","46","24","2021-04-11 22:53:42.752"
"985","2733","45","6","2021-04-11 22:53:47.253"
"986","2797","45","15","2021-04-11 22:53:47.259"
"987","2359","46","40","2021-04-11 22:53:52.422"
"988","2824","45","23","2021-04-11 22:54:08.117"
"989","2359","46","33","2021-04-11 22:54:08.123"
"990","2359","46","42","2021-04-11 22:54:08.123"
"991","2824","45","3","2021-04-11 22:54:08.123"
"992","2831","45","21","2021-04-11 22:54:08.123"
"993","2831","45","23","2021-04-11 22:54:14.383"
"994","2359","46","22","2021-04-11 22:54:15.953"
"995","2831","45","41","2021-04-11 22:54:21.661"
"996","2831","45","9","2021-04-11 22:54:37.531"
"997","2833","45","74","2021-04-11 22:54:37.531"
"998","2863","45","21","2021-04-11 22:54:37.531"
"999","2870","45","16","2021-04-11 22:54:37.532"
"1000","2870","45","17","2021-04-11 22:54:40.934"
"1001","2873","45","43","2021-04-11 22:54:40.934"
"1002","2896","45","199","2021-04-11 22:54:40.934"
"1003","2359","46","37","2021-04-11 22:54:44.314"
"1004","2896","45","22","2021-04-11 22:54:45.886"
"1005","2896","45","31","2021-04-11 22:55:05.032"
"1006","2896","45","15","2021-04-11 22:55:08.963"
"1007","2906","45","29","2021-04-11 22:55:08.963"
"1008","2932","45","29","2021-04-11 22:55:08.963"
"1009","2945","45","13","2021-04-11 22:55:08.963"
"1010","2359","46","30","2021-04-11 22:56:16.470"
"1011","2945","45","14","2021-04-11 22:56:18.190"
"1012","2949","45","29","2021-04-11 22:56:18.195"
"1013","2961","45","45","2021-04-11 22:56:18.195"
"1014","2963","45","20","2021-04-11 22:56:18.195"
"1015","2359","46","21","2021-04-11 22:56:19.758"
"1016","2359","46","52","2021-04-11 22:56:28.450"
"1017","2359","46","229","2021-04-11 22:57:23.388"
"1018","2963","45","6","2021-04-11 22:57:34.940"
"1019","2972","45","27","2021-04-11 22:57:34.946"
"1020","2972","45","13","2021-04-11 22:57:39.648"
"1021","2974","45","8","2021-04-11 22:57:39.655"
"1022","2974","45","14","2021-04-11 22:57:47.501"
"1023","2979","45","21","2021-04-11 22:57:47.508"
"1024","3010","45","1","2021-04-11 22:57:47.508"
"1025","2359","46","235","2021-04-11 22:57:49.067"
"1026","3010","45","27","2021-04-11 22:57:50.644"
"1027","3021","45","6","2021-04-11 22:57:50.651"
"1028","2359","46","24","2021-04-11 22:57:50.651"
"1029","3021","45","34","2021-04-11 22:57:50.651"
"1030","3021","45","35","2021-04-11 22:57:53.776"
"1031","2359","46","30","2021-04-11 22:57:58.474"
"1032","3021","45","63","2021-04-11 22:58:12.589"
"1033","2359","46","22","2021-04-11 22:58:18.858"
"1034","2359","46","141","2021-04-11 22:58:18.952"
"1035","2359","46","69","2021-04-11 22:58:50.001"
"1036","2359","46","25","2021-04-11 22:59:22.911"
"1037","3021","45","2","2021-04-11 22:59:23.228"
"1038","3026","45","36","2021-04-11 22:59:23.228"
"1039","2359","46","49","2021-04-11 22:59:27.963"
"1040","3026","45","6","2021-04-11 22:59:35.205"
"1041","3044","45","33","2021-04-11 22:59:35.205"
"1042","3054","45","4","2021-04-11 22:59:35.205"
"1043","3054","45","20","2021-04-11 22:59:42.682"
"1044","3056","45","21","2021-04-11 22:59:42.688"
"1045","3059","45","12","2021-04-11 22:59:42.688"
"1046","2359","46","27","2021-04-11 22:59:49.801"
"1047","2359","46","49","2021-04-11 23:00:03.151"
"1048","3059","45","17","2021-04-11 23:00:04.978"
"1049","3068","45","16","2021-04-11 23:00:04.978"
"1050","2359","46","23","2021-04-11 23:00:16.223"
"1051","3068","45","21","2021-04-11 23:00:16.531"
"1052","2359","46","155","2021-04-11 23:00:30.668"
"1053","3068","45","11","2021-04-11 23:00:39.917"
"1054","3080","45","30","2021-04-11 23:00:39.923"
"1055","3087","45","1","2021-04-11 23:00:39.923"
"1056","2359","46","35","2021-04-11 23:00:41.594"
"1057","2359","46","28","2021-04-11 23:00:41.996"
"1058","2359","46","245","2021-04-11 23:00:54.219"
"1059","3087","45","27","2021-04-11 23:01:00.142"
"1060","3091","45","27","2021-04-11 23:01:00.142"
"1061","3129","45","67","2021-04-11 23:01:00.142"
"1062","3129","45","27","2021-04-11 23:01:01.843"
"1063","3129","45","317","2021-04-11 23:01:06.705"
"1064","2359","46","26","2021-04-11 23:01:24.206"
"1065","3129","45","22","2021-04-11 23:01:27.541"
"1066","2359","46","111","2021-04-11 23:01:27.548"
"1067","2359","46","21","2021-04-11 23:01:29.929"
"1068","3129","45","76","2021-04-11 23:01:38.688"
"1069","2359","46","21","2021-04-11 23:01:40.364"
"1070","3129","45","22","2021-04-11 23:01:52.078"
"1071","3129","45","34","2021-04-11 23:02:00.322"
"1072","3129","45","60","2021-04-11 23:02:21.548"
"1073","2359","46","22","2021-04-11 23:03:49.128"
"1074","3129","45","22","2021-04-11 23:04:45.989"
"1075","2359","46","22","2021-04-11 23:04:55.073"
"1076","3129","45","48","2021-04-11 23:04:58.285"
"1077","3129","45","41","2021-04-11 23:04:59.670"
"1078","3129","45","32","2021-04-11 23:05:37.090"
"1079","2359","46","25","2021-04-11 23:06:15.827"
"1080","2359","46","61","2021-04-11 23:06:17.522"
"1081","3129","45","32","2021-04-11 23:06:19.911"
"1082","2359","46","84","2021-04-11 23:06:25.125"
"1083","3129","45","38","2021-04-11 23:06:33.162"
"1084","2359","46","24","2021-04-11 23:06:36.820"
"1085","3129","45","39","2021-04-11 23:06:37.014"
"1086","2359","46","28","2021-04-11 23:06:51.217"
"1087","3129","45","29","2021-04-11 23:06:55.233"
"1088","2359","46","25","2021-04-11 23:07:26.805"
"1089","2359","46","23","2021-04-11 23:07:26.810"
"1090","3129","45","27","2021-04-11 23:07:30.361"
"1091","3129","45","24","2021-04-11 23:07:30.367"
"1092","2359","46","55","2021-04-11 23:07:32.314"
"1093","2359","46","32","2021-04-11 23:07:43.778"
"1094","2359","46","36","2021-04-11 23:07:46.072"
"1095","3129","45","31","2021-04-11 23:07:46.247"
"1096","2359","46","51","2021-04-11 23:07:46.286"
"1097","2359","46","41","2021-04-11 23:07:57.679"
"1098","3129","45","106","2021-04-11 23:08:04.295"
"1099","3129","45","81","2021-04-11 23:08:07.776"
"1100","3129","45","26","2021-04-11 23:08:09.585"
"1101","2359","46","54","2021-04-11 23:08:41.302"
"1102","3129","45","83","2021-04-11 23:08:42.959"
"1103","2359","46","30","2021-04-11 23:09:33.039"
"1104","3129","45","40","2021-04-11 23:09:44.582"
"1105","3129","45","22","2021-04-11 23:09:55.540"
"1106","3129","45","50","2021-04-11 23:10:03.213"
"1107","3129","45","29","2021-04-11 23:10:06.912"
"1108","3129","45","23","2021-04-11 23:10:27.235"
"1109","2359","46","73","2021-04-11 23:10:28.265"
"1110","3129","45","31","2021-04-11 23:10:46.179"
"1111","3129","45","57","2021-04-11 23:10:47.984"
"1112","3129","45","158","2021-04-11 23:11:04.357"
"1113","2359","46","35","2021-04-11 23:11:16.836"
"1114","2359","46","60","2021-04-11 23:11:42.281"
"1115","3129","45","29","2021-04-11 23:11:55.438"
"1116","2359","46","24","2021-04-11 23:11:59.193"
"1117","3129","45","26","2021-04-11 23:12:01.076"
"1118","3129","45","40","2021-04-11 23:12:06.723"
"1119","2359","46","34","2021-04-11 23:12:10.483"
"1120","3129","45","61","2021-04-11 23:12:12.361"
"1121","3129","45","27","2021-04-11 23:12:54.843"
"1122","2359","46","54","2021-04-11 23:13:36.599"
"1123","2359","46","27","2021-04-11 23:13:41.187"
"1124","2359","46","24","2021-04-11 23:13:43.068"
"1125","3129","45","23","2021-04-11 23:13:50.604"
"1126","2359","46","20","2021-04-11 23:14:09.663"
"1127","3129","45","35","2021-04-11 23:14:09.668"
"1128","2359","46","52","2021-04-11 23:14:09.853"
"1129","2359","46","23","2021-04-11 23:14:21.762"
"1130","2359","46","104","2021-04-11 23:14:23.987"
"1131","2359","46","63","2021-04-11 23:14:32.280"
"1132","3129","45","64","2021-04-11 23:14:36.203"
"1133","2359","46","21","2021-04-11 23:14:41.879"
"1134","3129","45","55","2021-04-11 23:14:52.443"
"1135","2359","46","51","2021-04-11 23:14:55.899"
"1136","3129","45","36","2021-04-11 23:15:04.779"
"1137","3129","45","24","2021-04-11 23:15:09.171"
"1138","3129","45","33","2021-04-11 23:15:13.303"
"1139","2359","46","76","2021-04-11 23:15:15.195"
"1140","2359","46","25","2021-04-11 23:15:19.658"
"1141","3129","45","63","2021-04-11 23:15:29.098"
"1142","2359","46","46","2021-04-11 23:15:51.714"
"1143","2359","46","27","2021-04-11 23:16:00.009"
"1144","3129","45","28","2021-04-11 23:16:48.339"
"1145","3129","45","22","2021-04-11 23:16:57.729"
"1146","2359","46","34","2021-04-11 23:17:11.634"
"1147","3129","45","22","2021-04-11 23:17:13.151"
"1148","3129","45","22","2021-04-11 23:17:14.232"
"1149","3141","45","33","2021-04-11 23:17:14.232"
"1150","3177","45","5","2021-04-11 23:17:14.232"
"1151","2359","46","67","2021-04-11 23:17:35.181"
"1152","3177","45","76","2021-04-11 23:17:35.187"
"1153","3203","45","3","2021-04-11 23:17:35.187"
"1154","2359","46","48","2021-04-11 23:17:37.166"
"1155","2359","46","21","2021-04-11 23:17:47.109"
"1156","2359","46","22","2021-04-11 23:17:47.115"
"1157","2359","46","29","2021-04-11 23:17:47.115"
"1158","2359","46","29","2021-04-11 23:17:47.115"
"1159","2359","46","22","2021-04-11 23:18:03.027"
"1160","2359","46","145","2021-04-11 23:18:07.013"
"1161","3203","45","25","2021-04-11 23:18:13.964"
"1162","3211","45","24","2021-04-11 23:18:13.970"
"1163","3225","45","27","2021-04-11 23:18:13.970"
"1164","3248","45","122","2021-04-11 23:18:13.970"
"1165","3256","45","21","2021-04-11 23:18:13.970"
"1166","3258","45","27","2021-04-11 23:18:13.970"
"1167","3273","45","22","2021-04-11 23:18:13.970"
"1168","3274","45","31","2021-04-11 23:18:13.970"
"1169","3276","45","48","2021-04-11 23:18:13.970"
"1170","3281","45","8","2021-04-11 23:18:13.971"
"1171","2359","46","103","2021-04-11 23:18:27.851"
"1172","3281","45","53","2021-04-11 23:18:29.880"
"1173","3287","45","32","2021-04-11 23:18:29.886"
"1174","3351","45","569","2021-04-11 23:18:29.886"
"1175","3353","45","155","2021-04-11 23:18:29.886"
"1176","3368","45","56","2021-04-11 23:18:29.886"
"1177","3371","45","59","2021-04-11 23:18:29.886"
"1178","3373","45","65","2021-04-11 23:18:29.886"
"1179","3373","45","1","2021-04-11 23:18:47.793"
"1180","3385","45","58","2021-04-11 23:18:47.799"
"1181","2359","46","26","2021-04-11 23:18:49.782"
"1182","3385","45","24","2021-04-11 23:18:51.770"
"1183","2359","46","20","2021-04-11 23:18:51.776"
"1184","3385","45","30","2021-04-11 23:18:57.745"
"1185","2359","46","31","2021-04-11 23:19:11.667"
"1186","3385","45","31","2021-04-11 23:19:13.655"
"1187","3385","45","55","2021-04-11 23:19:23.583"
"1188","3385","45","21","2021-04-11 23:19:25.577"
"1189","3385","45","37","2021-04-11 23:19:39.506"
"1190","3385","45","21","2021-04-11 23:19:39.512"
"1191","3385","45","22","2021-04-11 23:20:20.227"
"1192","2359","46","27","2021-04-11 23:20:22.219"
"1193","2359","46","29","2021-04-11 23:20:29.483"
"1194","3385","45","29","2021-04-11 23:21:24.873"
"1195","3388","45","230","2021-04-11 23:21:24.878"
"1196","3388","45","20","2021-04-11 23:21:24.878"
"1197","3388","45","23","2021-04-11 23:21:24.879"
"1198","3388","45","21","2021-04-11 23:21:35.334"
"1199","2359","46","29","2021-04-11 23:21:43.704"
"1200","2359","46","38","2021-04-11 23:21:49.976"
"1201","3388","45","23","2021-04-11 23:21:56.264"
"1202","3388","45","33","2021-04-11 23:21:58.356"
"1203","2359","46","22","2021-04-11 23:21:58.362"
"1204","2359","46","30","2021-04-11 23:22:02.549"
"1205","3388","45","36","2021-04-11 23:22:23.454"
"1206","3388","45","27","2021-04-11 23:22:29.731"
"1207","2359","46","25","2021-04-11 23:22:38.102"
"1208","2359","46","124","2021-04-11 23:22:38.109"
"1209","2359","46","74","2021-04-11 23:22:40.203"
"1210","3388","45","23","2021-04-11 23:22:46.484"
"1211","2359","46","22","2021-04-11 23:23:07.400"
"1212","3388","45","21","2021-04-11 23:23:07.407"
"1213","2359","46","46","2021-04-11 23:23:11.592"
"1214","3388","45","353","2021-04-11 23:23:19.957"
"1215","2359","46","21","2021-04-11 23:23:19.963"
"1216","2359","46","20","2021-04-11 23:23:40.881"
"1217","3388","45","21","2021-04-11 23:23:53.980"
"1218","2359","46","25","2021-04-11 23:23:56.171"
"1219","3388","45","32","2021-04-11 23:24:04.957"
"1220","2359","46","29","2021-04-11 23:24:29.108"
"1221","2362","46","7","2021-04-11 23:24:29.114"
"1222","2362","46","13","2021-04-11 23:24:33.500"
"1223","2400","46","10","2021-04-11 23:24:33.506"
"1224","2400","46","23","2021-04-11 23:24:40.093"
"1225","3388","45","28","2021-04-11 23:24:48.198"
"1226","2400","46","25","2021-04-11 23:24:50.965"
"1227","3388","45","66","2021-04-11 23:25:00.687"
"1228","3388","45","52","2021-04-11 23:25:08.824"
"1229","2400","46","28","2021-04-11 23:25:24.114"
"1230","3388","45","25","2021-04-11 23:25:32.708"
"1231","3388","45","103","2021-04-11 23:25:46.846"
"1232","3388","45","76","2021-04-11 23:26:36.411"
"1233","3394","45","26","2021-04-11 23:26:36.411"
"1234","3422","45","9","2021-04-11 23:26:36.411"
"1235","2400","46","38","2021-04-11 23:26:39.095"
"1236","2400","46","27","2021-04-11 23:26:54.701"
"1237","3422","45","43","2021-04-11 23:27:10.516"
"1238","3448","45","23","2021-04-11 23:27:10.516"
"1239","3450","45","31","2021-04-11 23:27:10.516"
"1240","2400","46","27","2021-04-11 23:27:50.475"
"1241","3450","45","12","2021-04-11 23:27:58.599"
"1242","3452","45","53","2021-04-11 23:27:58.605"
"1243","3484","45","4","2021-04-11 23:27:58.605"
"1244","3484","45","32","2021-04-11 23:28:05.375"
"1245","3493","45","6","2021-04-11 23:28:05.381"
"1246","2400","46","101","2021-04-11 23:28:05.381"
"1247","3493","45","20","2021-04-11 23:28:21.112"
"1248","3495","45","15","2021-04-11 23:28:21.118"
"1249","3495","45","6","2021-04-11 23:28:21.118"
"1250","3505","45","16","2021-04-11 23:28:21.119"
"1251","2400","46","37","2021-04-11 23:28:25.609"
"1252","3505","45","11","2021-04-11 23:28:27.073"
"1253","3521","45","15","2021-04-11 23:28:27.074"
"1254","3521","45","10","2021-04-11 23:29:25.025"
"1255","3539","45","47","2021-04-11 23:29:25.026"
"1256","3552","45","3","2021-04-11 23:29:25.026"
"1257","3552","45","26","2021-04-11 23:29:32.445"
"1258","3552","45","27","2021-04-11 23:29:38.945"
"1259","2400","46","47","2021-04-11 23:29:48.296"
"1260","2400","46","24","2021-04-11 23:29:54.910"
"1261","2400","46","25","2021-04-11 23:30:09.468"
"1262","2400","46","60","2021-04-11 23:30:15.465"
"1263","2400","46","53","2021-04-11 23:30:20.836"
"1264","3552","45","22","2021-04-11 23:32:03.227"
"1265","2400","46","71","2021-04-11 23:32:08.456"
"1266","3552","45","22","2021-04-11 23:32:15.753"
"1267","3552","45","22","2021-04-11 23:32:37.518"
"1268","3552","45","27","2021-04-11 23:32:42.141"
"1269","2400","46","33","2021-04-11 23:32:42.173"
"1270","3552","45","45","2021-04-11 23:32:42.247"
"1271","2400","46","22","2021-04-11 23:32:53.774"
"1272","2400","46","4","2021-04-11 23:32:53.780"
"1273","2417","46","27","2021-04-11 23:32:53.780"
"1274","2422","46","22","2021-04-11 23:32:53.780"
"1275","2439","46","3","2021-04-11 23:32:53.780"
"1276","2439","46","32","2021-04-11 23:32:56.079"
"1277","3552","45","105","2021-04-11 23:32:56.085"
"1278","2439","46","19","2021-04-11 23:33:07.582"
"1279","2450","46","7","2021-04-11 23:33:07.588"
"1280","2450","46","34","2021-04-11 23:33:12.185"
"1281","2473","46","32","2021-04-11 23:33:19.084"
"1282","2483","46","5","2021-04-11 23:33:19.090"
"1283","2483","46","23","2021-04-11 23:33:19.090"
"1284","2504","46","1","2021-04-11 23:33:19.091"
"1285","3552","45","40","2021-04-11 23:33:21.391"
"1286","3552","45","25","2021-04-11 23:33:23.694"
"1287","3552","45","28","2021-04-11 23:33:25.997"
"1288","3552","45","28","2021-04-11 23:33:37.491"
"1289","3568","45","3","2021-04-11 23:33:37.497"
"1290","2504","46","73","2021-04-11 23:33:37.497"
"1291","2521","46","6","2021-04-11 23:33:37.497"
"1292","3568","45","18","2021-04-11 23:34:11.472"
"1293","3573","45","6","2021-04-11 23:34:11.478"
"1294","3573","45","18","2021-04-11 23:34:13.386"
"1295","3577","45","36","2021-04-11 23:34:13.386"
"1296","3592","45","219","2021-04-11 23:34:13.386"
"1297","3592","45","61","2021-04-11 23:34:48.942"
"1298","3592","45","34","2021-04-11 23:35:21.567"
"1299","2521","46","21","2021-04-11 23:36:14.598"
"1300","2521","46","23","2021-04-11 23:36:18.625"
"1301","3592","45","196","2021-04-11 23:36:31.783"
"1302","3592","45","22","2021-04-11 23:36:33.010"
"1303","3592","45","26","2021-04-11 23:36:39.953"
"1304","3592","45","60","2021-04-11 23:36:49.159"
"1305","3592","45","38","2021-04-11 23:37:51.658"
"1306","2521","46","17","2021-04-11 23:38:09.683"
"1307","2523","46","18","2021-04-11 23:38:09.684"
"1308","2523","46","25","2021-04-11 23:38:23.015"
"1309","2525","46","12","2021-04-11 23:38:23.021"
"1310","3592","45","25","2021-04-11 23:38:38.086"
"1311","3592","45","34","2021-04-11 23:38:49.829"
"1312","2525","46","9","2021-04-11 23:39:03.588"
"1313","2526","46","16","2021-04-11 23:39:03.594"
"1314","2526","46","27","2021-04-11 23:39:05.835"
"1315","2526","46","29","2021-04-11 23:39:09.051"
"1316","2528","46","1","2021-04-11 23:39:09.057"
"1317","3592","45","45","2021-04-11 23:39:27.138"
"1318","3592","45","42","2021-04-11 23:39:29.902"
"1319","3592","45","34","2021-04-11 23:39:43.422"
"1320","2528","46","20","2021-04-11 23:39:43.428"
"1321","3592","45","109","2021-04-11 23:39:53.060"
"1322","3592","45","117","2021-04-11 23:39:55.472"
"1323","3594","45","22","2021-04-11 23:39:55.478"
"1324","3635","45","95","2021-04-11 23:39:55.478"
"1325","3635","45","21","2021-04-11 23:39:57.889"
"1326","2528","46","11","2021-04-11 23:39:57.895"
"1327","2531","46","23","2021-04-11 23:39:57.896"
"1328","3635","45","25","2021-04-11 23:40:00.302"
"1329","3635","45","34","2021-04-11 23:40:10.907"
"1330","3635","45","99","2021-04-11 23:40:11.610"
"1331","2531","46","2","2021-04-11 23:40:14.046"
"1332","2533","46","25","2021-04-11 23:40:14.052"
"1333","3635","45","21","2021-04-11 23:40:21.272"
"1334","3642","45","3","2021-04-11 23:40:21.277"
"1335","3642","45","24","2021-04-11 23:40:24.193"
"1336","2533","46","2","2021-04-11 23:40:36.602"
"1337","2534","46","35","2021-04-11 23:40:36.602"
"1338","2537","46","6","2021-04-11 23:40:36.602"
"1339","3642","45","22","2021-04-11 23:41:30.180"
"1340","2537","46","38","2021-04-11 23:41:45.496"
"1341","2543","46","25","2021-04-11 23:41:45.503"
"1342","2543","46","23","2021-04-11 23:41:53.613"
"1343","2550","46","39","2021-04-11 23:41:53.619"
"1344","2556","46","12","2021-04-11 23:41:53.619"
"1345","2556","46","11","2021-04-11 23:41:56.023"
"1346","2562","46","16","2021-04-11 23:41:56.029"
"1347","2562","46","33","2021-04-11 23:41:57.410"
"1348","3642","45","5","2021-04-11 23:42:04.376"
"1349","3661","45","19","2021-04-11 23:42:04.376"
"1350","3661","45","9","2021-04-11 23:42:05.619"
"1351","3664","45","32","2021-04-11 23:42:05.619"
"1352","3664","45","22","2021-04-11 23:42:42.044"
"1353","2562","46","30","2021-04-11 23:42:46.857"
"1354","2562","46","23","2021-04-11 23:43:01.668"
"1355","3664","45","6","2021-04-11 23:43:09.129"
"1356","3666","45","37","2021-04-11 23:43:09.134"
"1357","3678","45","27","2021-04-11 23:43:09.134"
"1358","3682","45","21","2021-04-11 23:43:09.134"
"1359","3693","45","26","2021-04-11 23:43:09.134"
"1360","3708","45","18","2021-04-11 23:43:09.134"
"1361","3708","45","13","2021-04-11 23:43:16.358"
"1362","3747","45","61","2021-04-11 23:43:16.364"
"1363","2562","46","51","2021-04-11 23:43:31.216"
"1364","2562","46","24","2021-04-11 23:43:41.336"
"1365","2562","46","28","2021-04-11 23:43:51.798"
"1366","2571","46","2","2021-04-11 23:43:51.804"
"1367","2571","46","18","2021-04-11 23:44:01.453"
"1368","2575","46","4","2021-04-11 23:44:01.459"
"1369","2575","46","32","2021-04-11 23:45:22.450"
"1370","3747","45","25","2021-04-11 23:45:24.887"
"1371","2575","46","35","2021-04-11 23:45:47.486"
"1372","3747","45","29","2021-04-11 23:47:00.529"
"1373","2575","46","27","2021-04-11 23:47:04.822"
"1374","3747","45","64","2021-04-11 23:47:47.091"
"1375","3747","45","32","2021-04-11 23:47:56.091"
"1376","2575","46","28","2021-04-11 23:48:45.448"
"1377","3747","45","23","2021-04-11 23:49:27.869"
"1378","2575","46","21","2021-04-11 23:49:47.373"
"1379","3747","45","112","2021-04-11 23:49:52.090"
"1380","3750","45","27","2021-04-11 23:49:52.090"
"1381","3753","45","145","2021-04-11 23:49:52.090"
"1382","3763","45","46","2021-04-11 23:49:52.090"
"1383","3772","45","33","2021-04-11 23:49:52.090"
"1384","2578","46","22","2021-04-11 23:50:00.489"
"1385","2578","46","29","2021-04-11 23:50:13.038"
"1386","3772","45","14","2021-04-11 23:50:15.472"
"1387","3773","45","48","2021-04-11 23:50:15.477"
"1388","2578","46","54","2021-04-11 23:50:15.477"
"1389","3773","45","18","2021-04-11 23:50:16.185"
"1390","3775","45","8","2021-04-11 23:50:16.185"
"1391","2578","46","42","2021-04-11 23:50:28.864"
"1392","3775","45","22","2021-04-11 23:50:40.952"
"1393","3780","45","23","2021-04-11 23:50:40.952"
"1394","3795","45","65","2021-04-11 23:50:40.952"
"1395","2578","46","28","2021-04-11 23:51:32.961"
"1396","3803","45","62","2021-04-11 23:52:12.639"
"1397","3803","45","24","2021-04-11 23:52:52.653"
"1398","3803","45","25","2021-04-11 23:53:33.662"
"1399","3803","45","37","2021-04-11 23:53:38.787"
"1400","2578","46","28","2021-04-11 23:53:38.793"
"1401","3803","45","23","2021-04-11 23:53:43.929"
"1402","3803","45","23","2021-04-11 23:53:43.936"
"1403","2578","46","22","2021-04-11 23:53:54.222"
"1404","2578","46","77","2021-04-11 23:53:56.781"
"1405","2578","46","29","2021-04-11 23:54:17.195"
"1406","3803","45","35","2021-04-11 23:54:22.204"
"1407","3849","45","51","2021-04-11 23:54:22.211"
"1408","3860","45","44","2021-04-11 23:54:22.211"
"1409","3867","45","31","2021-04-11 23:54:27.220"
"1410","3867","45","15","2021-04-11 23:54:27.227"
"1411","3871","45","34","2021-04-11 23:54:27.227"
"1412","2578","46","66","2021-04-11 23:54:32.238"
"1413","3871","45","14","2021-04-11 23:54:47.271"
"1414","3872","45","9","2021-04-11 23:54:47.277"
"1415","2578","46","21","2021-04-11 23:55:02.314"
"1416","2578","46","42","2021-04-11 23:55:12.353"
"1417","2578","46","21","2021-04-11 23:55:44.965"
"1418","2578","46","87","2021-04-11 23:55:44.971"
"1419","3872","45","20","2021-04-11 23:55:44.971"
"1420","3880","45","2","2021-04-11 23:55:44.971"
"1421","2578","46","28","2021-04-11 23:55:44.971"
"1422","2578","46","10","2021-04-11 23:55:47.596"
"1423","2584","46","18","2021-04-11 23:55:47.601"
"1424","3880","45","20","2021-04-11 23:56:08.521"
"1425","2584","46","22","2021-04-11 23:56:08.526"
"1426","2587","46","11","2021-04-11 23:56:08.527"
"1427","3880","45","21","2021-04-11 23:56:16.376"
"1428","3904","45","3","2021-04-11 23:56:16.383"
"1429","3904","45","48","2021-04-11 23:56:16.383"
"1430","3904","45","242","2021-04-11 23:56:24.221"
"1431","2587","46","24","2021-04-11 23:56:26.842"
"1432","2587","46","26","2021-04-11 23:56:29.457"
"1433","2592","46","9","2021-04-11 23:56:29.463"
"1434","3904","45","25","2021-04-11 23:56:32.080"
"1435","3904","45","38","2021-04-11 23:56:37.332"
"1436","3921","45","95","2021-04-11 23:56:37.338"
"1437","3921","45","147","2021-04-11 23:56:50.998"
"1438","2592","46","17","2021-04-11 23:56:53.954"
"1439","2595","46","6","2021-04-11 23:56:53.959"
"1440","3921","45","91","2021-04-11 23:56:57.362"
"1441","3921","45","21","2021-04-11 23:57:15.649"
"1442","2595","46","29","2021-04-11 23:57:20.897"
"1443","3921","45","39","2021-04-11 23:57:23.510"
"1444","3921","45","47","2021-04-11 23:57:33.966"
"1445","3921","45","32","2021-04-11 23:57:33.972"
"1446","2595","46","23","2021-04-11 23:57:47.044"
"1447","3921","45","23","2021-04-11 23:57:52.270"
"1448","3921","45","57","2021-04-11 23:57:52.275"
"1449","3921","45","20","2021-04-11 23:57:52.276"
"1450","3921","45","29","2021-04-11 23:57:52.276"
"1451","3921","45","22","2021-04-11 23:58:02.740"
"1452","3921","45","29","2021-04-11 23:58:10.581"
"1453","2595","46","31","2021-04-11 23:58:26.267"
"1454","2598","46","38","2021-04-11 23:58:41.976"
"1455","2598","46","10","2021-04-11 23:58:49.828"
"1456","2616","46","27","2021-04-11 23:58:49.833"
"1457","2619","46","4","2021-04-11 23:58:49.833"
"1458","2619","46","30","2021-04-11 23:59:00.301"
"1459","2620","46","5","2021-04-11 23:59:00.307"
"1460","2620","46","15","2021-04-11 23:59:00.307"
"1461","2628","46","9","2021-04-11 23:59:00.307"
"1462","2628","46","38","2021-04-11 23:59:13.361"
"1463","2637","46","79","2021-04-11 23:59:13.367"
"1464","2640","46","17","2021-04-11 23:59:13.367"
"1465","2640","46","36","2021-04-11 23:59:39.901"
"1466","3921","45","21","2021-04-11 23:59:59.204"
"1467","2640","46","23","2021-04-12 00:00:47.503"
"1468","3921","45","25","2021-04-12 00:00:50.249"
"1469","3921","45","48","2021-04-12 00:00:53.922"
"1470","3921","45","112","2021-04-12 00:01:30.893"
"1471","2640","46","43","2021-04-12 00:01:34.144"
"1472","3921","45","46","2021-04-12 00:01:37.074"
"1473","2640","46","69","2021-04-12 00:01:42.632"
"1474","3921","45","20","2021-04-12 00:02:15.854"
"1475","2640","46","34","2021-04-12 00:02:16.147"
"1476","3921","45","33","2021-04-12 00:02:29.755"
"1477","2640","46","47","2021-04-12 00:02:43.345"
"1478","3921","45","36","2021-04-12 00:02:48.779"
"1479","2640","46","26","2021-04-12 00:03:19.364"
"1480","3921","45","38","2021-04-12 00:04:09.726"
"1481","2640","46","40","2021-04-12 00:04:20.435"
"1482","3921","45","24","2021-04-12 00:04:24.529"
"1483","2640","46","26","2021-04-12 00:04:27.715"
"1484","3921","45","54","2021-04-12 00:04:27.903"
"1485","3921","45","28","2021-04-12 00:04:31.844"
"1486","3921","45","52","2021-04-12 00:04:37.649"
"1487","2640","46","26","2021-04-12 00:05:28.657"
"1488","2640","46","38","2021-04-12 00:05:28.662"
"1489","2640","46","21","2021-04-12 00:05:28.663"
"1490","3921","45","33","2021-04-12 00:05:28.663"
"1491","2640","46","23","2021-04-12 00:05:47.931"
"1492","2640","46","24","2021-04-12 00:05:56.802"
"1493","3921","45","27","2021-04-12 00:06:45.018"
"1494","3921","45","52","2021-04-12 00:07:01.113"
"1495","2640","46","22","2021-04-12 00:07:17.825"
"1496","2640","46","140","2021-04-12 00:09:08.976"
"1497","2640","46","29","2021-04-12 00:09:11.653"
"1498","2640","46","34","2021-04-12 00:09:50.501"
"1499","3921","45","33","2021-04-12 00:10:39.146"
"1500","2640","46","57","2021-04-12 00:10:47.793"
"1501","2640","46","40","2021-04-12 00:11:25.334"
"1502","2640","46","27","2021-04-12 00:11:28.228"
"1503","3921","45","40","2021-04-12 00:11:31.099"
"1504","3921","45","27","2021-04-12 00:11:33.970"
"1505","2640","46","5","2021-04-12 00:12:00.014"
"1506","2661","46","21","2021-04-12 00:12:00.020"
"1507","3921","45","35","2021-04-12 00:12:05.806"
"1508","3921","45","66","2021-04-12 00:12:05.812"
"1509","3921","45","26","2021-04-12 00:12:14.480"
"1510","3921","45","23","2021-04-12 00:12:26.003"
"1511","3921","45","23","2021-04-12 00:12:28.903"
"1512","2661","46","26","2021-04-12 00:12:37.561"
"1513","2674","46","11","2021-04-12 00:12:37.567"
"1514","2674","46","20","2021-04-12 00:12:51.964"
"1515","2682","46","21","2021-04-12 00:12:51.970"
"1516","2682","46","40","2021-04-12 00:13:03.540"
"1517","3921","45","31","2021-04-12 00:13:06.433"
"1518","3921","45","50","2021-04-12 00:13:15.067"
"1519","3921","45","34","2021-04-12 00:13:20.371"
"1520","3921","45","21","2021-04-12 00:13:28.612"
"1521","2682","46","23","2021-04-12 00:13:38.739"
"1522","2684","46","41","2021-04-12 00:13:38.739"
"1523","3921","45","34","2021-04-12 00:14:11.043"
"1524","3921","45","25","2021-04-12 00:14:30.330"
"1525","3921","45","120","2021-04-12 00:15:04.413"
"1526","2684","46","21","2021-04-12 00:15:41.114"
"1527","2684","46","6","2021-04-12 00:16:02.164"
"1528","2692","46","24","2021-04-12 00:16:02.170"
"1529","2692","46","87","2021-04-12 00:16:02.170"
"1530","3921","45","23","2021-04-12 00:16:02.170"
"1531","2692","46","39","2021-04-12 00:16:02.170"
"1532","3921","45","60","2021-04-12 00:16:02.170"
"1533","3921","45","24","2021-04-12 00:16:02.170"
"1534","2692","46","2","2021-04-12 00:16:35.189"
"1535","2699","46","37","2021-04-12 00:16:35.195"
"1536","2701","46","44","2021-04-12 00:16:35.195"
"1537","2701","46","26","2021-04-12 00:17:08.079"
"1538","2701","46","12","2021-04-12 00:17:08.085"
"1539","2707","46","16","2021-04-12 00:17:08.086"
"1540","2707","46","47","2021-04-12 00:17:08.086"
"1541","3921","45","53","2021-04-12 00:17:20.066"
"1542","3921","45","1597","2021-04-12 00:17:26.073"
"1543","3921","45","33","2021-04-12 00:17:32.068"
"1544","2707","46","25","2021-04-12 00:17:50.029"
"1545","3921","45","27","2021-04-12 00:18:02.015"
"1546","2707","46","21","2021-04-12 00:18:02.022"
"1547","3921","45","60","2021-04-12 00:18:05.015"
"1548","3921","45","97","2021-04-12 00:18:16.959"
"1549","2707","46","23","2021-04-12 00:18:19.969"
"1550","2711","46","21","2021-04-12 00:18:19.975"
"1551","2712","46","2","2021-04-12 00:18:19.975"
"1552","3921","45","20","2021-04-12 00:18:19.975"
"1553","2712","46","20","2021-04-12 00:18:37.959"
"1554","2712","46","27","2021-04-12 00:18:43.952"
"1555","2712","46","38","2021-04-12 00:18:52.946"
"1556","2712","46","20","2021-04-12 00:19:34.900"
"1557","2726","46","45","2021-04-12 00:19:34.906"
"1558","3921","45","22","2021-04-12 00:20:19.866"
"1559","3921","45","201","2021-04-12 00:20:19.872"
"1560","3921","45","39","2021-04-12 00:20:22.876"
"1561","2726","46","36","2021-04-12 00:20:25.877"
"1562","2732","46","97","2021-04-12 00:20:25.882"
"1563","3921","45","37","2021-04-12 00:20:25.883"
"1564","2732","46","39","2021-04-12 00:20:25.883"
"1565","2736","46","10","2021-04-12 00:20:25.883"
"1566","3921","45","22","2021-04-12 00:20:43.823"
"1567","3921","45","36","2021-04-12 00:20:49.825"
"1568","2736","46","23","2021-04-12 00:20:52.833"
"1569","3921","45","23","2021-04-12 00:20:52.839"
"1570","3921","45","114","2021-04-12 00:20:52.839"
"1571","2736","46","27","2021-04-12 00:21:23.616"
"1572","2736","46","59","2021-04-12 00:21:51.413"
"1573","2736","46","38","2021-04-12 00:22:06.936"
"1574","2736","46","21","2021-04-12 00:22:49.718"
"1575","2736","46","24","2021-04-12 00:23:05.193"
"1576","3921","45","27","2021-04-12 00:23:08.314"
"1577","2736","46","24","2021-04-12 00:23:08.319"
"1578","3921","45","143","2021-04-12 00:23:17.613"
"1579","2736","46","27","2021-04-12 00:23:42.402"
"1580","2736","46","29","2021-04-12 00:23:54.807"
"1581","3921","45","44","2021-04-12 00:24:01.035"
"1582","2736","46","23","2021-04-12 00:24:07.216"
"1583","3921","45","30","2021-04-12 00:24:07.221"
"1584","2736","46","49","2021-04-12 00:24:13.392"
"1585","2736","46","21","2021-04-12 00:24:19.792"
"1586","3921","45","20","2021-04-12 00:24:34.957"
"1587","2736","46","20","2021-04-12 00:24:34.963"
"1588","3921","45","20","2021-04-12 00:24:44.073"
"1589","2736","46","26","2021-04-12 00:24:44.080"
"1590","3921","45","35","2021-04-12 00:24:59.214"
"1591","3921","45","21","2021-04-12 00:25:02.250"
"1592","3921","45","42","2021-04-12 00:25:32.578"
"1593","2736","46","51","2021-04-12 00:25:32.584"
"1594","3921","45","30","2021-04-12 00:25:32.584"
"1595","2736","46","41","2021-04-12 00:25:38.659"
"1596","3921","45","137","2021-04-12 00:25:47.746"
"1597","3921","45","22","2021-04-12 00:25:50.775"
"1598","3921","45","20","2021-04-12 00:25:56.835"
"1599","3921","45","46","2021-04-12 00:25:56.841"
"1600","3921","45","63","2021-04-12 00:26:10.653"
"1601","3921","45","20","2021-04-12 00:26:10.842"
"1602","2736","46","37","2021-04-12 00:26:46.624"
"1603","3921","45","23","2021-04-12 00:26:46.631"
"1604","3921","45","28","2021-04-12 00:26:57.795"
"1605","2736","46","55","2021-04-12 00:27:22.199"
"1606","2736","46","21","2021-04-12 00:27:31.546"
"1607","2736","46","22","2021-04-12 00:27:31.929"
"1608","2736","46","21","2021-04-12 00:27:57.404"
"1609","2736","46","112","2021-04-12 00:28:28.548"
"1610","2736","46","24","2021-04-12 00:28:31.684"
"1611","3921","45","25","2021-04-12 00:28:59.925"
"1612","2736","46","20","2021-04-12 00:29:19.908"
"1613","2736","46","83","2021-04-12 00:29:57.567"
"1614","3921","45","51","2021-04-12 00:30:00.703"
"1615","3921","45","42","2021-04-12 00:30:06.976"
"1616","2736","46","25","2021-04-12 00:30:28.935"
"1617","3921","45","26","2021-04-12 00:30:38.350"
"1618","3921","45","32","2021-04-12 00:30:57.154"
"1619","3921","45","155","2021-04-12 00:30:57.160"
"1620","3921","45","53","2021-04-12 00:31:09.730"
"1621","3921","45","46","2021-04-12 00:31:53.629"
"1622","3921","45","41","2021-04-12 00:31:56.762"
"1623","2736","46","55","2021-04-12 00:32:21.991"
"1624","2736","46","17","2021-04-12 00:32:25.245"
"1625","2749","46","3","2021-04-12 00:32:25.251"
"1626","3921","45","38","2021-04-12 00:32:25.251"
"1627","2749","46","73","2021-04-12 00:32:25.251"
"1628","2749","46","55","2021-04-12 00:32:25.251"
"1629","2749","46","33","2021-04-12 00:32:28.496"
"1630","2749","46","34","2021-04-12 00:32:47.931"
"1631","2749","46","22","2021-04-12 00:32:51.166"
"1632","2749","46","37","2021-04-12 00:33:13.839"
"1633","3921","45","302","2021-04-12 00:33:17.079"
"1634","3921","45","217","2021-04-12 00:33:17.086"
"1635","3921","45","26","2021-04-12 00:33:20.325"
"1636","2749","46","32","2021-04-12 00:33:33.294"
"1637","3921","45","45","2021-04-12 00:33:36.537"
"1638","3921","45","50","2021-04-12 00:34:02.777"
"1639","3921","45","22","2021-04-12 00:34:29.286"
"1640","3921","45","47","2021-04-12 00:34:32.583"
"1641","3921","45","38","2021-04-12 00:34:32.590"
"1642","3921","45","33","2021-04-12 00:34:49.137"
"1643","2749","46","55","2021-04-12 00:34:57.180"
"1644","2749","46","30","2021-04-12 00:35:13.753"
"1645","2749","46","36","2021-04-12 00:35:20.947"
"1646","2753","46","75","2021-04-12 00:35:20.953"
"1647","3921","45","23","2021-04-12 00:35:34.242"
"1648","3921","45","41","2021-04-12 00:35:44.188"
"1649","3921","45","58","2021-04-12 00:35:44.194"
"1650","2753","46","24","2021-04-12 00:35:47.512"
"1651","2759","46","13","2021-04-12 00:35:47.518"
"1652","2759","46","13","2021-04-12 00:35:47.518"
"1653","2785","46","9","2021-04-12 00:35:47.518"
"1654","3921","45","125","2021-04-12 00:36:00.756"
"1655","3921","45","47","2021-04-12 00:37:01.562"
"1656","2785","46","11","2021-04-12 00:37:01.567"
"1657","2790","46","25","2021-04-12 00:37:01.568"
"1658","2790","46","18","2021-04-12 00:37:08.420"
"1659","2791","46","32","2021-04-12 00:37:08.426"
"1660","2793","46","27","2021-04-12 00:37:08.426"
"1661","2794","46","21","2021-04-12 00:37:08.426"
"1662","2799","46","39","2021-04-12 00:37:08.426"
"1663","2819","46","10","2021-04-12 00:37:08.426"
"1664","3921","45","21","2021-04-12 00:37:08.426"
"1665","2819","46","13","2021-04-12 00:37:15.055"
"1666","2828","46","51","2021-04-12 00:37:15.061"
"1667","3921","45","33","2021-04-12 00:37:24.987"
"1668","3921","45","25","2021-04-12 00:37:28.311"
"1669","2828","46","7","2021-04-12 00:37:38.271"
"1670","2830","46","61","2021-04-12 00:37:38.277"
"1671","3921","45","221","2021-04-12 00:37:44.777"
"1672","2830","46","94","2021-04-12 00:37:48.016"
"1673","3921","45","32","2021-04-12 00:37:54.499"
"1674","3921","45","38","2021-04-12 00:37:54.505"
"1675","2830","46","33","2021-04-12 00:38:23.654"
"1676","2830","46","22","2021-04-12 00:38:59.932"
"1677","2830","46","28","2021-04-12 00:38:59.938"
"1678","2830","46","33","2021-04-12 00:39:20.007"
"1679","3921","45","608","2021-04-12 00:39:30.043"
"1680","3921","45","44","2021-04-12 00:39:40.098"
"1681","2830","46","15","2021-04-12 00:39:40.104"
"1682","2834","46","6","2021-04-12 00:39:40.104"
"1683","2834","46","64","2021-04-12 00:39:50.133"
"1684","2836","46","50","2021-04-12 00:39:50.139"
"1685","2839","46","21","2021-04-12 00:39:50.139"
"1686","2844","46","39","2021-04-12 00:39:50.139"
"1687","2853","46","33","2021-04-12 00:39:50.139"
"1688","2859","46","22","2021-04-12 00:39:50.139"
"1689","2865","46","39","2021-04-12 00:39:50.139"
"1690","2874","46","186","2021-04-12 00:39:50.139"
"1691","2876","46","20","2021-04-12 00:39:50.139"
"1692","2880","46","673","2021-04-12 00:39:50.140"
"1693","2888","46","94","2021-04-12 00:39:50.140"
"1694","2890","46","21","2021-04-12 00:39:50.140"
"1695","2904","46","92","2021-04-12 00:39:50.140"
"1696","2926","46","30","2021-04-12 00:39:50.140"
"1697","2944","46","2","2021-04-12 00:39:50.140"
"1698","2944","46","20","2021-04-12 00:39:50.140"
"1699","2944","46","30","2021-04-12 00:39:56.834"
"1700","2952","46","22","2021-04-12 00:39:56.840"
"1701","2966","46","24","2021-04-12 00:39:56.841"
"1702","3028","46","50","2021-04-12 00:39:56.841"
"1703","3036","46","98","2021-04-12 00:39:56.841"
"1704","3036","46","3","2021-04-12 00:40:20.268"
"1705","3096","46","19","2021-04-12 00:40:20.274"
"1706","3096","46","16","2021-04-12 00:40:26.968"
"1707","3122","46","23","2021-04-12 00:40:26.974"
"1708","3134","46","21","2021-04-12 00:40:30.314"
"1709","3921","45","24","2021-04-12 00:40:30.320"
"1710","3921","45","46","2021-04-12 00:40:30.320"
"1711","3135","46","61","2021-04-12 00:40:40.353"
"1712","3921","45","42","2021-04-12 00:40:43.698"
"1713","3921","45","73","2021-04-12 00:40:47.038"
"1714","3921","45","58","2021-04-12 00:41:00.408"
"1715","3135","46","60","2021-04-12 00:41:27.160"
"1716","3921","45","35","2021-04-12 00:41:33.860"
"1717","3135","46","20","2021-04-12 00:41:33.866"
"1718","3135","46","33","2021-04-12 00:41:37.207"
"1719","3135","46","24","2021-04-12 00:41:40.558"
"1720","3921","45","152","2021-04-12 00:41:57.285"
"1721","3135","46","31","2021-04-12 00:42:07.327"
"1722","3138","46","12","2021-04-12 00:42:07.333"
"1723","3921","45","23","2021-04-12 00:42:07.333"
"1724","3921","45","23","2021-04-12 00:42:34.110"
"1725","3921","45","22","2021-04-12 00:42:47.499"
"1726","3921","45","159","2021-04-12 00:42:50.843"
"1727","3138","46","28","2021-04-12 00:42:50.849"
"1728","3138","46","14","2021-04-12 00:42:50.849"
"1729","3149","46","7","2021-04-12 00:42:50.849"
"1730","3921","45","26","2021-04-12 00:43:00.883"
"1731","3921","45","28","2021-04-12 00:43:04.224"
"1732","3921","45","73","2021-04-12 00:43:04.231"
"1733","3149","46","15","2021-04-12 00:43:17.613"
"1734","3150","46","7","2021-04-12 00:43:17.619"
"1735","3150","46","106","2021-04-12 00:43:41.031"
"1736","3921","45","37","2021-04-12 00:43:41.037"
"1737","3150","46","21","2021-04-12 00:43:41.037"
"1738","3150","46","59","2021-04-12 00:43:44.386"
"1739","3150","46","56","2021-04-12 00:43:51.088"
"1740","3921","45","44","2021-04-12 00:43:57.774"
"1741","3921","45","29","2021-04-12 00:44:16.526"
"1742","3150","46","15","2021-04-12 00:44:16.532"
"1743","3152","46","26","2021-04-12 00:44:16.532"
"1744","3154","46","24","2021-04-12 00:44:16.532"
"1745","3158","46","28","2021-04-12 00:44:16.532"
"1746","3159","46","33","2021-04-12 00:44:16.533"
"1747","3921","45","20","2021-04-12 00:44:24.599"
"1748","3159","46","43","2021-04-12 00:44:50.985"
"1749","3163","46","14","2021-04-12 00:44:50.990"
"1750","3921","45","30","2021-04-12 00:44:54.427"
"1751","3163","46","23","2021-04-12 00:45:11.678"
"1752","3165","46","6","2021-04-12 00:45:11.684"
"1753","3165","46","32","2021-04-12 00:45:22.088"
"1754","3172","46","18","2021-04-12 00:45:22.094"
"1755","3172","46","21","2021-04-12 00:46:02.355"
"1756","3172","46","29","2021-04-12 00:46:26.523"
"1757","3174","46","31","2021-04-12 00:46:26.529"
"1758","3921","45","29","2021-04-12 00:46:36.861"
"1759","3174","46","51","2021-04-12 00:46:43.770"
"1760","3921","45","21","2021-04-12 00:46:57.570"
"1761","3174","46","32","2021-04-12 00:47:01.023"
"1762","3921","45","25","2021-04-12 00:47:07.920"
"1763","3174","46","37","2021-04-12 00:47:21.710"
"1764","3921","45","26","2021-04-12 00:47:28.619"
"1765","3921","45","65","2021-04-12 00:47:32.078"
"1766","3921","45","62","2021-04-12 00:47:49.340"
"1767","3174","46","23","2021-04-12 00:47:52.792"
"1768","3921","45","57","2021-04-12 00:47:59.692"
"1769","3174","46","38","2021-04-12 00:47:59.697"
"1770","3174","46","27","2021-04-12 00:47:59.697"
"1771","3174","46","21","2021-04-12 00:48:16.960"
"1772","3184","46","30","2021-04-12 00:48:16.967"
"1773","3187","46","6","2021-04-12 00:48:16.967"
"1774","3187","46","25","2021-04-12 00:48:16.967"
"1775","3187","46","33","2021-04-12 00:48:48.013"
"1776","3187","46","32","2021-04-12 00:49:12.153"
"1777","3187","46","23","2021-04-12 00:49:22.495"
"1778","3921","45","41","2021-04-12 00:49:25.948"
"1779","3187","46","38","2021-04-12 00:49:32.846"
"1780","3187","46","35","2021-04-12 00:49:32.852"
"1781","3189","46","4","2021-04-12 00:49:32.852"
"1782","3189","46","28","2021-04-12 00:49:39.752"
"1783","3921","45","27","2021-04-12 00:49:50.102"
"1784","3921","45","20","2021-04-12 00:49:57.017"
"1785","3921","45","256","2021-04-12 00:50:03.918"
"1786","3921","45","32","2021-04-12 00:50:07.372"
"1787","3921","45","20","2021-04-12 00:50:17.940"
"1788","3189","46","22","2021-04-12 00:50:17.946"
"1789","3189","46","55","2021-04-12 00:51:22.538"
"1790","3189","46","39","2021-04-12 00:51:49.796"
"1791","3189","46","24","2021-04-12 00:51:57.514"
"1792","3921","45","86","2021-04-12 00:51:57.774"
"1793","3921","45","25","2021-04-12 00:52:14.105"
"1794","3921","45","22","2021-04-12 00:52:14.111"
"1795","3189","46","29","2021-04-12 00:52:49.663"
"1796","3195","46","13","2021-04-12 00:52:49.669"
"1797","3195","46","13","2021-04-12 00:53:03.878"
"1798","3198","46","32","2021-04-12 00:53:03.884"
"1799","3198","46","42","2021-04-12 00:53:07.435"
"1800","3198","46","21","2021-04-12 00:53:14.615"
"1801","3198","46","68","2021-04-12 00:53:14.621"
"1802","3921","45","21","2021-04-12 00:53:14.621"
"1803","3921","45","36","2021-04-12 00:53:14.621"
"1804","3198","46","23","2021-04-12 00:53:18.245"
"1805","3198","46","21","2021-04-12 00:53:29.167"
"1806","3199","46","3","2021-04-12 00:53:29.173"
"1807","3921","45","26","2021-04-12 00:53:29.173"
"1808","3199","46","19","2021-04-12 00:53:29.173"
"1809","3205","46","5","2021-04-12 00:53:29.173"
"1810","3921","45","25","2021-04-12 00:53:36.457"
"1811","3205","46","57","2021-04-12 00:53:43.736"
"1812","3237","46","26","2021-04-12 00:53:43.741"
"1813","3270","46","21","2021-04-12 00:53:43.741"
"1814","3280","46","22","2021-04-12 00:53:43.742"
"1815","3921","45","23","2021-04-12 00:53:58.288"
"1816","3921","45","71","2021-04-12 00:54:01.931"
"1817","3921","45","36","2021-04-12 00:54:05.543"
"1818","3280","46","22","2021-04-12 00:54:05.549"
"1819","3280","46","34","2021-04-12 00:54:09.176"
"1820","3921","45","35","2021-04-12 00:54:52.756"
"1821","3280","46","25","2021-04-12 00:54:52.762"
"1822","3921","45","29","2021-04-12 00:55:00.071"
"1823","3280","46","24","2021-04-12 00:55:00.078"
"1824","3921","45","25","2021-04-12 00:55:07.378"
"1825","3921","45","29","2021-04-12 00:55:14.626"
"1826","3280","46","22","2021-04-12 00:55:14.632"
"1827","3280","46","26","2021-04-12 00:55:21.923"
"1828","3280","46","109","2021-04-12 00:55:29.192"
"1829","3280","46","27","2021-04-12 00:55:54.991"
"1830","3921","45","32","2021-04-12 00:56:13.704"
"1831","3280","46","32","2021-04-12 00:56:24.925"
"1832","3280","46","44","2021-04-12 00:56:47.427"
"1833","3921","45","22","2021-04-12 00:56:47.434"
"1834","3921","45","79","2021-04-12 00:57:13.672"
"1835","3921","45","23","2021-04-12 00:57:21.147"
"1836","3921","45","21","2021-04-12 00:57:21.153"
"1837","3921","45","20","2021-04-12 00:57:32.366"
"1838","3921","45","56","2021-04-12 00:57:36.109"
"1839","3921","45","25","2021-04-12 00:57:39.845"
"1840","3280","46","43","2021-04-12 00:57:39.851"
"1841","3280","46","55","2021-04-12 00:57:39.852"
"1842","3280","46","27","2021-04-12 00:57:39.852"
"1843","3921","45","85","2021-04-12 00:57:51.050"
"1844","3921","45","26","2021-04-12 00:57:54.781"
"1845","3921","45","27","2021-04-12 00:57:58.523"
"1846","3921","45","94","2021-04-12 00:58:06.011"
"1847","3280","46","21","2021-04-12 00:58:06.017"
"1848","3280","46","44","2021-04-12 00:58:06.017"
"1849","3280","46","51","2021-04-12 00:58:06.017"
"1850","3921","45","43","2021-04-12 00:58:28.509"
"1851","3921","45","89","2021-04-12 00:58:35.994"
"1852","3921","45","31","2021-04-12 00:58:39.715"
"1853","3280","46","25","2021-04-12 00:59:02.105"
"1854","3280","46","26","2021-04-12 00:59:24.455"
"1855","3921","45","67","2021-04-12 00:59:54.403"
"1856","3921","45","32","2021-04-12 00:59:54.409"
"1857","3921","45","96","2021-04-12 00:59:54.409"
"1858","3280","46","81","2021-04-12 00:59:54.409"
"1859","3280","46","28","2021-04-12 01:00:24.348"
"1860","3280","46","23","2021-04-12 01:00:24.354"
"1861","3921","45","21","2021-04-12 01:00:31.828"
"1862","3280","46","23","2021-04-12 01:00:39.332"
"1863","3280","46","44","2021-04-12 01:00:50.525"
"1864","3280","46","27","2021-04-12 01:00:50.531"
"1865","3921","45","51","2021-04-12 01:00:58.023"
"1866","3921","45","43","2021-04-12 01:01:05.523"
"1867","3921","45","25","2021-04-12 01:01:20.536"
"1868","3921","45","29","2021-04-12 01:01:20.542"
"1869","3921","45","65","2021-04-12 01:01:46.741"
"1870","3280","46","41","2021-04-12 01:02:01.708"
"1871","3921","45","31","2021-04-12 01:02:01.714"
"1872","3280","46","237","2021-04-12 01:02:09.313"
"1873","3921","45","33","2021-04-12 01:02:20.886"
"1874","3921","45","29","2021-04-12 01:02:20.891"
"1875","3280","46","43","2021-04-12 01:02:32.464"
"1876","3921","45","38","2021-04-12 01:02:40.171"
"1877","3921","45","26","2021-04-12 01:03:14.786"
"1878","3921","45","25","2021-04-12 01:03:30.190"
"1879","3921","45","45","2021-04-12 01:03:34.050"
"1880","3921","45","25","2021-04-12 01:03:37.909"
"1881","3280","46","25","2021-04-12 01:03:49.466"
"1882","3921","45","24","2021-04-12 01:03:53.305"
"1883","3280","46","46","2021-04-12 01:04:08.694"
"1884","3280","46","23","2021-04-12 01:04:08.699"
"1885","3921","45","25","2021-04-12 01:04:08.699"
"1886","3921","45","26","2021-04-12 01:04:16.421"
"1887","3921","45","25","2021-04-12 01:04:50.988"
"1888","3921","45","23","2021-04-12 01:05:06.431"
"1889","3280","46","27","2021-04-12 01:05:14.172"
"1890","3280","46","21","2021-04-12 01:05:18.022"
"1891","3280","46","72","2021-04-12 01:05:41.109"
"1892","3921","45","21","2021-04-12 01:05:52.686"
"1893","3921","45","56","2021-04-12 01:06:08.095"
"1894","3921","45","25","2021-04-12 01:06:11.923"
"1895","3280","46","25","2021-04-12 01:06:11.928"
"1896","3921","45","41","2021-04-12 01:06:11.928"
"1897","3280","46","48","2021-04-12 01:06:11.928"
"1898","3921","45","36","2021-04-12 01:06:15.774"
"1899","3280","46","23","2021-04-12 01:06:19.591"
"1900","3280","46","21","2021-04-12 01:06:38.834"
"1901","3921","45","44","2021-04-12 01:06:42.677"
"1902","3921","45","71","2021-04-12 01:06:50.341"
"1903","3280","46","28","2021-04-12 01:07:25.023"
"1904","3280","46","36","2021-04-12 01:07:32.690"
"1905","3280","46","20","2021-04-12 01:07:40.413"
"1906","3280","46","35","2021-04-12 01:07:40.419"
"1907","3921","45","29","2021-04-12 01:07:48.123"
"1908","3921","45","30","2021-04-12 01:08:26.629"
"1909","3921","45","150","2021-04-12 01:08:26.635"
"1910","3280","46","90","2021-04-12 01:08:34.433"
"1911","3921","45","25","2021-04-12 01:08:42.298"
"1912","3921","45","41","2021-04-12 01:09:21.780"
"1913","3280","46","26","2021-04-12 01:09:29.705"
"1914","3280","46","92","2021-04-12 01:09:29.711"
"1915","3921","45","39","2021-04-12 01:09:37.647"
"1916","3280","46","24","2021-04-12 01:09:49.484"
"1917","3921","45","27","2021-04-12 01:10:13.220"
"1918","3280","46","23","2021-04-12 01:10:44.874"
"1919","3280","46","38","2021-04-12 01:10:52.808"
"1920","3280","46","42","2021-04-12 01:10:52.814"
"1921","3280","46","173","2021-04-12 01:11:04.688"
"1922","3921","45","31","2021-04-12 01:11:04.694"
"1923","3921","45","27","2021-04-12 01:11:12.560"
"1924","3280","46","59","2021-04-12 01:11:32.280"
"1925","3280","46","47","2021-04-12 01:11:32.285"
"1926","3280","46","28","2021-04-12 01:11:52.027"
"1927","3921","45","25","2021-04-12 01:11:52.033"
"1928","3280","46","39","2021-04-12 01:11:56.002"
"1929","3921","45","40","2021-04-12 01:12:23.613"
"1930","3280","46","26","2021-04-12 01:12:47.309"
"1931","3280","46","337","2021-04-12 01:13:03.100"
"1932","3921","45","29","2021-04-12 01:13:18.912"
"1933","3280","46","155","2021-04-12 01:13:18.917"
"1934","3280","46","24","2021-04-12 01:13:34.741"
"1935","3921","45","32","2021-04-12 01:13:42.591"
"1936","3280","46","24","2021-04-12 01:13:46.525"
"1937","3280","46","40","2021-04-12 01:13:50.450"
"1938","3921","45","66","2021-04-12 01:14:14.100"
"1939","3280","46","38","2021-04-12 01:14:49.635"
"1940","3921","45","45","2021-04-12 01:14:53.579"
"1941","3921","45","26","2021-04-12 01:14:53.585"
"1942","3280","46","37","2021-04-12 01:15:17.297"
"1943","3280","46","25","2021-04-12 01:15:44.972"
"1944","3280","46","86","2021-04-12 01:16:08.648"
"1945","3921","45","72","2021-04-12 01:16:24.401"
"1946","3921","45","23","2021-04-12 01:16:32.458"
"1947","3280","46","53","2021-04-12 01:16:40.583"
"1948","3280","46","37","2021-04-12 01:17:12.975"
"1949","3280","46","23","2021-04-12 01:17:33.229"
"1950","3280","46","253","2021-04-12 01:18:09.719"
"1951","3280","46","22","2021-04-12 01:18:09.725"
"1952","3921","45","43","2021-04-12 01:18:42.127"
"1953","3921","45","22","2021-04-12 01:18:42.133"
"1954","3921","45","27","2021-04-12 01:18:42.133"
"1955","3921","45","25","2021-04-12 01:19:02.454"
"1956","3280","46","29","2021-04-12 01:19:06.520"
"1957","3921","45","196","2021-04-12 01:19:06.525"
"1958","3280","46","50","2021-04-12 01:19:18.716"
"1959","3921","45","20","2021-04-12 01:19:18.722"
"1960","3280","46","25","2021-04-12 01:20:19.569"
"1961","3280","46","21","2021-04-12 01:20:19.574"
"1962","3280","46","46","2021-04-12 01:20:27.716"
"1963","3921","45","45","2021-04-12 01:20:27.721"
"1964","3280","46","22","2021-04-12 01:20:36.046"
"1965","3280","46","22","2021-04-12 01:20:36.051"
"1966","3280","46","70","2021-04-12 01:20:56.896"
"1967","3280","46","33","2021-04-12 01:21:13.529"
"1968","3921","45","104","2021-04-12 01:21:13.535"
"1969","3921","45","32","2021-04-12 01:21:13.535"
"1970","3921","45","20","2021-04-12 01:21:42.663"
"1971","3921","45","77","2021-04-12 01:21:42.668"
"1972","3921","45","46","2021-04-12 01:21:42.668"
"1973","3280","46","71","2021-04-12 01:21:42.668"
"1974","3280","46","28","2021-04-12 01:21:42.668"
"1975","3280","46","2464","2021-04-12 01:21:50.989"
"1976","3280","46","20","2021-04-12 01:22:49.306"
"1977","3921","45","25","2021-04-12 01:23:18.498"
"1978","3280","46","22","2021-04-12 01:23:22.643"
"1979","3921","45","31","2021-04-12 01:23:43.494"
"1980","3280","46","140","2021-04-12 01:23:43.500"
"1981","3921","45","48","2021-04-12 01:23:47.633"
"1982","3280","46","302","2021-04-12 01:24:00.146"
"1983","3921","45","84","2021-04-12 01:24:04.314"
"1984","3921","45","12","2021-04-12 01:24:25.124"
"1985","3948","45","15","2021-04-12 01:24:25.130"
"1986","3948","45","28","2021-04-12 01:24:29.289"
"1987","3280","46","87","2021-04-12 01:25:06.799"
"1988","3280","46","21","2021-04-12 01:25:06.804"
"1989","3280","46","32","2021-04-12 01:25:23.450"
"1990","3948","45","3","2021-04-12 01:25:56.732"
"1991","3980","45","35","2021-04-12 01:25:56.737"
"1992","3280","46","21","2021-04-12 01:26:05.033"
"1993","3288","46","17","2021-04-12 01:26:05.038"
"1994","3288","46","51","2021-04-12 01:26:17.529"
"1995","3288","46","41","2021-04-12 01:26:17.534"
"1996","3980","45","24","2021-04-12 01:26:21.690"
"1997","3288","46","34","2021-04-12 01:26:38.386"
"1998","3288","46","37","2021-04-12 01:26:46.699"
"1999","3980","45","80","2021-04-12 01:27:33.426"
"2000","3980","45","31","2021-04-12 01:28:07.575"
"2001","3980","45","21","2021-04-12 01:28:07.581"
"2002","3288","46","26","2021-04-12 01:28:07.581"
"2003","3288","46","26","2021-04-12 01:28:41.687"
"2004","3980","45","29","2021-04-12 01:29:24.275"
"2005","3288","46","28","2021-04-12 01:29:28.543"
"2006","3980","45","28","2021-04-12 01:29:32.821"
"2007","3288","46","22","2021-04-12 01:29:45.602"
"2008","3288","46","118","2021-04-12 01:30:32.577"
"2009","3288","46","47","2021-04-12 01:31:15.259"
"2010","3980","45","31","2021-04-12 01:31:19.558"
"2011","3980","45","22","2021-04-12 01:32:06.516"
"2012","3288","46","47","2021-04-12 01:32:10.780"
"2013","3288","46","43","2021-04-12 01:32:19.367"
"2014","3288","46","21","2021-04-12 01:32:19.372"
"2015","3980","45","43","2021-04-12 01:32:53.522"
"2016","3980","45","48","2021-04-12 01:33:06.334"
"2017","3288","46","79","2021-04-12 01:33:27.676"
"2018","3288","46","53","2021-04-12 01:33:27.682"
"2019","3288","46","31","2021-04-12 01:33:27.682"
"2020","3288","46","31","2021-04-12 01:33:31.929"
"2021","3288","46","62","2021-04-12 01:34:06.063"
"2022","3980","45","22","2021-04-12 01:34:10.363"
"2023","3288","46","64","2021-04-12 01:34:10.369"
"2024","3288","46","52","2021-04-12 01:34:32.271"
"2025","3288","46","36","2021-04-12 01:34:36.656"
"2026","3288","46","28","2021-04-12 01:35:11.667"
"2027","3288","46","132","2021-04-12 01:35:20.417"
